
@String{ICCV = "ICCV"}
@String{ICIP = "ICIP"}
@String{ECCV = "ECCV"} 
@String{CVPR = "CVPR"} 
@String{ICME = "ICME"} 
@String{IJCV = "IJCV"}
@String{IMPVT  = "3DIMPVT"}
@String{PAMI = "PAMI"}
@String{BMVC = "BMVC"}
@String{CVIU = "Comput. Vis. and Image Underst."}
@String{TCOMP = "IEEE Trans. Computer."}
@String{IVC = "Im. and Vis. Comput."}

@INPROCEEDINGS{WeiICCV2009,
	author={Wei, Xaaa Kccc and Jinxiang Chai and asdfasdfm asdf, asdf},
	booktitle=ICCV, 
	title={Modeling 3D human poses from uncalibrated monocular images},
	year={2009},
} 

@inproceedings {RamakrishnaECCV2012,
	author = {Ramakrishna, V. and Kanade, T. and Sheikh, Y.},
	title = {Reconstructing 3D Human Pose from 2D Image Landmarks},
	booktitle = ECCV,
	year = {2012}
}

@INPROCEEDINGS{SimoserraCVPR2012,
	author={Simo-Serra, E. and Ramisa, A. and Alenya, G. and Torras, C. and Moreno-Noguer, F.},
	booktitle=CVPR, 
	title={Single image 3D human pose estimation from noisy observations},
	year={2012},
}

@INPROCEEDINGS{GreifICME2011,
	author={Greif, T. and Lienhart, R. and Sengupta, D.},
	booktitle=ICME, 
	title={Monocular 3D human pose estimation by classification},
	year={2011},
}

@INPROCEEDINGS{GuanICCV2009,
	author={P. Guan and Weiss, A. and Balan, A. O. and Black, M. J.},
	booktitle=ICCV, 
	title={Estimating human shape and pose from a single image},
	year={2009},
}

@InProceedings{BourdevICCV2009,
	author= "L. Bourdev and J. Malik",
	title        = "Poselets: Body Part Detectors Trained Using 3D Human Pose Annotations",
	booktitle    = ICCV,
	year         = "2009",
}

@INPROCEEDINGS{IonescuICCV2011,
	author={Ionescu, C. and F. Li and Sminchisescu, C.},
	booktitle=ICCV, 
	title={Latent structured models for human pose estimation},
	year={2011},
}

@article{KohliCVPR2012,
	author = {P. Kohli and  M. Sun and J. Shotton},
	title = {Conditional regression forests for human pose estimation},
	journal =CVPR,
	year = {2012},
}

@article{YaoIJCV2012,
	author = {Yao, A. and Gall, J. and Gool, L.},
	title = {Coupled Action Recognition and Pose Estimation from Multiple Views},
	journal = IJCV,
	year = {2012},
} 

@inproceedings{YeICCV2011,
	author = {Ye, M. and Wang, X. and Yang, R. and Ren, L. and Pollefeys, M.},
	booktitle = ICCV,
	title = {Accurate 3D pose estimation from a single depth image.},
	year = 2011
}

@inproceedings{BaakICCV2011,
	author    = {A. Baak and M. M{\"u}ller and G. Bharaj and H.-P. Seidel and C. Theobalt},
	title     = {A data-driven approach for real-time full body pose reconstruction from a depth camera},
	booktitle = ICCV,
	year      = {2011},
}

@inproceedings{WangECCV2008,
	author = {Wang, Yang and Mori, Greg},
	title = {Multiple Tree Models for Occlusion and Spatial Constraints in Human Pose Estimation},
	booktitle = ECCV,
	year = {2008},
} 
@inproceedings{PonsICCV2011,
	author = {Pons-Moll, G. and Baak, A. and Gall, J. and Leal-Taix{\'{e}}, L. and M{\"{u}}ller, M. and Seidel, H.-P. and Rosenhahn, B.},
	booktitle = ICCV,
	publisher = {IEEE},
	title = {{Outdoor Human Motion Capture using Inverse Kinematics and von Mises-Fisher Sampling}},
	year = {2011}
}

@inproceedings{Germann3DIMPVT2011,
	author = {Germann, M. and Popa, T. and Ziegler, R. and Keiser, R. and Gross, M.},
	title = {Space-Time Body Pose Estimation in Uncontrolled Environments},
	booktitle = IMPVT,
	year = {2011},
}

@article{EichnerIJCV2012,
	year={2012},
	journal=IJCV,
	title={2D Articulated Human Pose Estimation and Retrieval in (Almost) Unconstrained Still Images},
	author={Eichner, M. and Marin-Jimenez, M. and Zisserman, A. and Ferrari, V.},
}

@article{10.1109/CVPR.2012.6248052,
	author = {B. Schiele and T. Thormahlen and A. Jain and M. Andriluka and L. Pishchulin},
	title = {Articulated people detection and pose estimation: Reshaping the future},
	journal = CVPR,
	year = {2012},
}

@inproceedings {AndrilukaCVPR2010,
	title = {Monocular 3D Pose Estimation and Tracking by Detection},
	booktitle = CVPR,
	year = {2010},
	author = {M. Andriluka and S. Roth and Schiele, B.}
}
s
@article{AndrilukaCVPR2009,
	author = {M. Andriluka and S. Roth and B. Schiele},
	title = {Pictorial structures revisited: People detection and articulated pose estimation},
	journal = CVPR,
	year = {2009},
}

@inproceedings{ElgammalCVPR2004,
	author = {Elgammal, A. and Lee, C.-S.},
	title = {Inferring 3D body pose from silhouettes using activity manifold learning},
	booktitle = CVPR,
	year = {2004},
} 

@article{FelzenszwalbPAMI2010,
	author    = {P. F. Felzenszwalb and R. B. Girshick and D. A. McAllester and D. Ramanan},
	title     = {Object Detection with Discriminatively Trained Part-Based Models},
	journal   = PAMI,
	year      = {2010},
}

@article{GallPAMI2011,
	author    = {J. Gall and A. Yao and N. Razavi and L. J. Van Gool and V. S. Lempitsky},
	title     = {Hough Forests for Object Detection, Tracking, and Action Recognition},
	journal   = PAMI,
	year      = {2011},
}

@article {BreimanML2001,
	author = {Breiman, L.},
	title = {Random Forests},
	journal = {Machine Learning},
	year = {2001}
}

@inproceedings{YangCVPR2011,
	author    = {Y. Yang and D. Ramanan},
	title     = {Articulated pose estimation with flexible mixtures-of-parts},
	booktitle = CVPR,
	year      = {2011},
}

@article{JiangPAMI2011,
	author    = {H. Jiang},
	title     = {Human Pose Estimation Using Consistent Max Covering},
	journal   = PAMI,
	year      = {2011},
}

@inproceedings{NavaratnamBMVC2006,
	title = {Semi-supervised Learning of Joint Density Models for Human Pose Estimation},
	author = {Navaratnam, R. and Fitzgibbon, A. W. and Cipolla, R.},
	year = {2006},
	booktitle = BMVC,
}

@inproceedings{SappCVPR2011,
	author = {Sapp, B. and Weiss, D. and Taskar, B.},
	title = {Parsing human motion with stretchable models},
	booktitle = CVPR,
	year = {2011},
} 


@inproceedings{SunCVPR2012,
	author    = {M. Sun and M. Telaprolu and H. Lee and S. Savarese},
	title     = {An efficient branch-and-bound algorithm for optimal human pose estimation},
	booktitle = CVPR,
	year      = {2012},
}

@article{HuaCVIU2007,
	author = {Hua, G. and Wu, Y.},
	title = {A decentralized probabilistic approach to articulated body tracking},
	journal = CVIU,
	year = {2007},
} 

@inproceedings{JohnsonCVPR2011,
	author    = {S. Johnson and M. Everingham},
	title     = {Learning effective human pose estimation from inaccurate annotation},
	booktitle = CVPR,
	year      = {2011},
}


@article{AgarwalPAMI2006,
	author    = {A. Agarwal and B. Triggs},
	title     = {Recovering 3D Human Pose from Monocular Images},
	journal   = PAMI,
	volume    = {28},
	year      = {2006},
}



@article {RogezIJCV2012,
	author = {Rogez, G. and Rihan, J. and Orrite-Uru√±uela, C. and Torr, P.},
	title = {Fast Human Pose Detection Using Randomized Hierarchical Cascades of Rejectors},
	journal = IJCV,
	year = {2012}
}

@inproceedings{BissaccoCVPR2007,
	author    = {A. Bissacco and M.-H. Yang and S. Soatto},
	title     = {Fast Human Pose Estimation using Appearance and Motion via Multi-Dimensional Boosting Regression},
	booktitle = CVPR,
	year      = {2007},
}

@inproceedings{MicilottaECCV2006,
	author = {Micilotta, A. S. and Ong, E.-J. and Bowden, R.},
	title = {Real-time upper body detection and 3d pose estimation in monoscopic images},
	booktitle = ECCV,
	year = {2006},
} 

@inproceedings{IoffeCVPR1999,
	author = {Ioffe, S. and Forsyth, D.},
	title = {Finding People by Sampling},
	booktitle = ICCV,
	year = {1999},
} 

@article{FelzenszwalbIJCV2005,
	author = {Felzenszwalb, P. F. and Huttenlocher, D. P.},
	title = {Pictorial Structures for Object Recognition},
	journal = IJCV,
	year = {2005},
} 

@article{FischlerTCOMP1973,
	author = {Fischler, M. A. and Elschlager, R. A.},
	title = {The Representation and Matching of Pictorial Structures},
	journal = {IEEE Trans. Comput.},
	year = {1973},
} 

@article{FelzenszwalbCVPR2000,
	author = {P. F. Felzenszwalb and D. P. Huttenlocher},
	title = {Efficient Matching of Pictorial Structures},
	journal = CVPR,
	year = {2000},
}

@INPROCEEDINGS{RenICCV2005,
	author={X. Ren and Berg, A.C. and Malik, J.},
	booktitle=ICCV, 
	title={Recovering human body configurations using pairwise constraints between parts},
	year={2005},
}

@article{HoggIVC1983,
	title = "Model-based vision: a program to see a walking person",
	journal = IVC,
	year = "1983",
	author = "D. Hogg",
}

@inproceedings{BronsteinCVPR2012,
	author    = {M. M. Bronstein and A. M. Bronstein and F. Michel and N. Paragios},
	title     = {Data fusion through cross-modality metric learning using similarity-sensitive hashing},
	booktitle = CVPR,
	year      = {2010},
}

@inproceedings{CriminisiMICCAI2010,
	author = {Criminisi, A. and Shotton, J. and Robertson, D. and Konukoglu, E.},
	title = {Regression forests for efficient anatomy detection and localization in CT studies},
	booktitle = {Int. MICCAI workshops},
	year = {2011},
} 

@article{SigalIJCV2012,
	author = {Sigal, L. and Isard, M. and Haussecker, H. and Black, M. J.},
	title = {Loose-limbed People: Estimating 3D Human Pose and Motion Using Non-parametric Belief Propagation},
	journal = IJCV,
	year = {2012},
} 

@INPROCEEDINGS{RajaICIP2011, 
	author={Raja, K. and Laptev, I. and Perez, P. and Oisel, L.}, 
	booktitle=ICIP, 
	title={Joint pose estimation and action recognition in image graphs}, 
	year={2011},  
}

@misc{APEwebsite,
	title= {{Website of APE dataset}},
}

@misc{WeizmannWebsite,
	howpublished={\url{http://www.wisdom.weizmann.ac.il/~vision/SpaceTimeActions.html}},
}

@misc{KTHWebsite,
	howpublished={\url{http://www.nada.kth.se/cvap/actions/}},
}

@article{SigalIJCV2010,
	author = {Sigal, L. and Balan, A. O. and Black, M. J.},
	title = {HumanEva: Synchronized Video and Motion Capture Dataset and Baseline Algorithm for Evaluation of Articulated Human Motion},
	journal = IJCV,
	year = {2010},
} 

@inproceedings{WangCVPR2012,
	author={J. Wang and Z. Liu and Y. Wu and J. Yuan},
	booktitle=CVPR, 
	title={Mining actionlet ensemble for action recognition with depth cameras},
	year={2012},
}

@INPROCEEDINGS{SchindlerCVPR2008,
	author={Schindler, K. and van Gool, L.},
	booktitle=CVPR, 
	title={Action snippets: How many frames does human action recognition require?},
	year={2008},
}

@article{PoppeCVIU2007,
	author = {Poppe, Ronald},
	title = {Vision-based human motion analysis: An overview},
	journal = {Comput. Vis. Image Underst.},
	year = {2007},
}

@inproceedings{TaylorCVPR2012,
	author    = {J. Taylor and J. Shotton and T. Sharp and A. W. Fitzgibbon},
	title     = {The Vitruvian manifold: Inferring dense correspondences for one-shot human pose estimation},
	booktitle = CVPR,
	year      = {2012},
}

@inproceedings{YuBMVC2010,
   title = {Real-time Action Recognition by Spatiotemporal Semantic and Structural Forest},
   author = {Yu, Tsz-Ho and Kim, Tae-Kyun and Cipolla, Roberto},
   year = {2010},
   booktitle = {BMVC},
}
