% This file was created with JabRef 2.9b.
% Encoding: UTF-8

@INPROCEEDINGS{citeulike:9533836,
  author = {Moosmann, Frank and Triggs, Bill and Jurie, Frederic},
  title = {{Fast discriminative visual codebooks using randomized clustering
	forests}},
  booktitle = {In NIPS},
  year = {2007},
  volume = {2},
  citeulike-article-id = {9533836},
  citeulike-linkout-0 = {http://citeseerx.ist.psu.edu/viewdoc/summary?doi=10.1.1.72.7708},
  comment = {This paper presents an alternative for codebook construction, based
	on random forests. It discusses several advantages over kmeans in
	training time and memory, testing time, and classification accuracy.
	It is resistant to background clutter and gives relatively clean
	segmentations. It is trained using labeled data (potentially locally
	labeled) but can equally be used without labels. Descriptors (SIFT)
	are being quantized using this approach, the leafs do not provide
	distributions or something like that, but the index of the leaf is
	used as codeword.},
  keywords = {recognition},
  posted-at = {2011-07-11 23:02:29},
  priority = {5},
  url = {http://citeseerx.ist.psu.edu/viewdoc/summary?doi=10.1.1.72.7708}
}


@inproceedings{Shotton08,
    author = {Shotton, Jamie and Johnson, Matthew and Cipolla, Roberto},
    booktitle = {IEEE Conference on Computer Vision and Pattern Recognition},
    citeulike-article-id = {3879695},
    citeulike-linkout-0 = {http://dblp.uni-trier.de/rec/bibtex/conf/cvpr/ShottonJC08},
    citeulike-linkout-1 = {http://dx.doi.org/10.1109/cvpr.2008.4587503},
    citeulike-linkout-2 = {http://ieeexplore.ieee.org/xpls/abs\_all.jsp?arnumber=4587503},
    doi = {10.1109/cvpr.2008.4587503},
    institution = {R\&D Center, Toshiba Corp., Kawasaki},
    isbn = {978-1-4244-2242-5},
    issn = {1063-6919},
    journal = {IEEE Conference on Computer Vision and Pattern Recognition},
    keywords = {plsa, segmentation, semantic\_segmentation},
    month = jun,
    pages = {1--8},
    posted-at = {2009-02-04 11:51:45},
    priority = {2},
    publisher = {IEEE},
    title = {{Semantic texton forests for image categorization and segmentation}},
    url = {http://dx.doi.org/10.1109/cvpr.2008.4587503},
    year = {2008}
}


@article{citeulike:319872,
    author = {Laptev, Ivan},
    citeulike-article-id = {319872},
    citeulike-linkout-0 = {http://portal.acm.org/citation.cfm?id=1085605},
    citeulike-linkout-1 = {http://dx.doi.org/10.1007/s11263-005-1838-7},
    citeulike-linkout-2 = {http://www.ingentaconnect.com/content/klu/visi/2005/00000064/F0020002/00001838},
    citeulike-linkout-3 = {http://www.springerlink.com/content/qv8x76r134252513},
    day = {1},
    doi = {10.1007/s11263-005-1838-7},
    issn = {0920-5691},
    journal = {International Journal of Computer Vision},
    keywords = {activity, crowdreview, features, interest, points, space, spacetime, time},
    month = sep,
    number = {2},
    pages = {107--123},
    posted-at = {2010-05-28 16:08:04},
    priority = {2},
    publisher = {Springer Netherlands},
    title = {{On Space-Time Interest Points}},
    url = {http://dx.doi.org/10.1007/s11263-005-1838-7},
    volume = {64},
    year = {2005}
}

@inproceedings{citeulike:8879764,
    author = {Messing, Ross and Pal, Chris and Kautz, Henry},
    citeulike-article-id = {8879764},
    citeulike-linkout-0 = {http://dx.doi.org/10.1109/iccv.2009.5459154},
    citeulike-linkout-1 = {http://ieeexplore.ieee.org/xpls/abs\_all.jsp?arnumber=5459154},
    doi = {10.1109/iccv.2009.5459154},
    keywords = {context, gen},
    location = {Kyoto},
    month = sep,
    pages = {104--111},
    posted-at = {2011-02-24 03:35:04},
    priority = {2},
    title = {{Activity recognition using the velocity histories of tracked keypoints}},
    url = {http://dx.doi.org/10.1109/iccv.2009.5459154},
    year = {2009}
}

@inproceedings{Lazebnik:2006:BBF:1153171.1153549,
 author = {Lazebnik, Svetlana and Schmid, Cordelia and Ponce, Jean},
 title = {Beyond Bags of Features: Spatial Pyramid Matching for Recognizing Natural Scene Categories},
 booktitle = {Proceedings of the 2006 IEEE Computer Society Conference on Computer Vision and Pattern Recognition - Volume 2},
 series = {CVPR '06},
 year = {2006},
 isbn = {0-7695-2597-0},
 pages = {2169--2178},
 numpages = {10},
 url = {http://dx.doi.org/10.1109/CVPR.2006.68},
 doi = {10.1109/CVPR.2006.68},
 acmid = {1153549},
 publisher = {IEEE Computer Society},
 address = {Washington, DC, USA},
} 

@inproceedings{grauman05,
    address = {Los Alamitos, CA, USA},
    author = {Grauman, K. and Darrell, T.},
    booktitle = {Proceedings of IEEE International Conference on Computer Vision},
    citeulike-article-id = {595382},
    citeulike-linkout-0 = {http://doi.ieeecomputersociety.org/10.1109/ICCV.2005.239},
    citeulike-linkout-1 = {http://dblp.uni-trier.de/rec/bibtex/conf/iccv/GraumanD05},
    citeulike-linkout-2 = {http://dx.doi.org/10.1109/iccv.2005.239},
    citeulike-linkout-3 = {http://ieeexplore.ieee.org/xpls/abs\_all.jsp?arnumber=1544890},
    day = {21},
    doi = {10.1109/iccv.2005.239},
    issn = {1550-5499},
    journal = {Proceedings of IEEE International Conference on Computer Vision},
    keywords = {grauman05},
    location = {Beijing, China},
    month = oct,
    pages = {1458--1465},
    posted-at = {2008-04-21 12:05:45},
    priority = {2},
    publisher = {IEEE Computer Society},
    title = {{The Pyramid Match Kernel: Discriminative Classification with Sets of Image Features}},
    url = {http://dx.doi.org/10.1109/iccv.2005.239},
    volume = {2},
    year = {2005}
}

@inproceedings{Mattivi:2009:HAR:1617915.1618016,
 author = {Mattivi, Riccardo and Shao, Ling},
 title = {Human Action Recognition Using LBP-TOP as Sparse Spatio-Temporal Feature Descriptor},
 booktitle = {Proceedings of the 13th International Conference on Computer Analysis of Images and Patterns},
 series = {CAIP '09},
 year = {2009},
 isbn = {978-3-642-03766-5},
 location = {M\&\#252;nster, Germany},
 pages = {740--747},
 numpages = {8},
 url = {http://dx.doi.org/10.1007/978-3-642-03767-2_90},
 doi = {10.1007/978-3-642-03767-2_90},
 acmid = {1618016},
 publisher = {Springer-Verlag},
 address = {Berlin, Heidelberg},
 keywords = {Human action recognition, LBP-TOP, bag of words},
} 

@inproceedings{wongCVPR2007,
	author = {S. Wong and T. Kim and R. Cipolla},
	journal = {IEEE Conference on Computer Vision and Pattern Recognition (CVPR)},
	booktitle = {IEEE Conference on Computer Vision and Pattern Recognition (CVPR)},
	title = {Learning Motion Categories using both Semantic and Structural Information},
	year = {2007}
}

@inproceedings{wongICCV2007,
	author = {S. Wong and R. Cipolla},
	journal = {The Eleventh International Conference on Computer Vision (ICCV)},
	booktitle = {The Eleventh International Conference on Computer Vision (ICCV)},
	title = {Extracting Spatiotemporal Interest Points using Global Information},
	year = {2007}
}

@INPROCEEDINGS{4587628, 
author={Mikolajczyk, K. and Uemura, H.}, 
booktitle={Computer Vision and Pattern Recognition, 2008. CVPR 2008. IEEE Conference on}, title={Action recognition with motion-appearance vocabulary forest}, 
year={2008}, 
pages={1-8}, 
keywords={image classification;image motion analysis;image recognition;action categorization;action localization;action recognition;associated motion vectors;motion-appearance vocabulary forest;vocabulary trees;Cameras;Computer vision;Data mining;Image recognition;Image retrieval;Large-scale systems;Layout;Robustness;Vocabulary;Voting}, 
doi={10.1109/CVPR.2008.4587628}, 
ISSN={1063-6919},}

@INPROCEEDINGS{5459184, 
author={Zhe Lin and Zhuolin Jiang and Davis, L.S.}, 
booktitle={Computer Vision, 2009 IEEE 12th International Conference on}, title={Recognizing actions by shape-motion prototype trees}, 
year={2009}, 
pages={444-451}, 
keywords={Airplanes;Boosting;Face detection;Image resolution;Linear discriminant analysis;Machine learning;Object recognition;Prototypes;Training data;Uncertainty}, 
doi={10.1109/ICCV.2009.5459184}, 
ISSN={1550-5499},}

@inproceedings{Rosten:2006:MLH:2094437.2094478,
 author = {Rosten, Edward and Drummond, Tom},
 title = {Machine learning for high-speed corner detection},
 booktitle = {Proceedings of the 9th European conference on Computer Vision - Volume Part I},
 series = {ECCV'06},
 year = {2006},
 isbn = {3-540-33832-2, 978-3-540-33832-1},
 location = {Graz, Austria},
 pages = {430--443},
 numpages = {14},
 url = {http://dx.doi.org/10.1007/11744023_34},
 doi = {10.1007/11744023_34},
 acmid = {2094478},
 publisher = {Springer-Verlag},
 address = {Berlin, Heidelberg},
} 

@INPROCEEDINGS{1521452, 
author={Oikonomopoulos, A. and Patras, I. and Pantic, M.}, 
booktitle={Multimedia and Expo, 2005. ICME 2005. IEEE International Conference on}, title={Spatiotemporal saliency for human action recognition},
year={2005}, 
pages={4 pp.-}, 
keywords={image classification;image representation;image sequences;iterative methods;spatiotemporal phenomena;Chamfer distance;aerobic exercise;classification scheme;human action recognition;image sequence;information content;iterative linear time warping technique;relevance vector machine;sparse representation;spatiotemporal event collection;Content based retrieval;Detectors;Entropy;Humans;Image recognition;Image retrieval;Image sequences;Object recognition;Space technology;Spatiotemporal phenomena}, 
doi={10.1109/ICME.2005.1521452},}

@INPROCEEDINGS{4587730, 
author={Schindler, K. and Van Gool, L.}, 
booktitle={Computer Vision and Pattern Recognition, 2008. CVPR 2008. IEEE Conference on}, title={Action snippets: How many frames does human action recognition require?}, 
year={2008}, 
pages={1-8}, 
keywords={image classification;image motion analysis;image recognition;image sequences;video signal processing;action recognition;action snippets;human action recognition;human vision;video clips;visual recognition;Feature extraction;Humans;Image motion analysis;Layout;Legged locomotion;Shape;Surveillance;Video sequences;Visual databases;Voting}, 
doi={10.1109/CVPR.2008.4587730}, 
ISSN={1063-6919},}

@INPROCEEDINGS{5459361, 
author={Ryoo, M. S. and Aggarwal, J.K.}, 
booktitle={Computer Vision, 2009 IEEE 12th International Conference on}, title={Spatio-temporal relationship match: Video structure comparison for recognition of complex human activities}, 
year={2009}, 
pages={1593-1600}, 
keywords={video signal processing;complex human activities recognition;complex nonperiodic activities;human activity recognition;individual pedestrians;multiple interacting persons;spatio-temporal features;spatio-temporal local features;spatio-temporal relationship;structural similarity;video structure comparison;Cameras;Computer vision;Feature extraction;Humans;Intelligent robots;Layout;Lighting;Robot vision systems;Surveillance;System testing}, 
doi={10.1109/ICCV.2009.5459361}, 
ISSN={1550-5499},}

@article{Breiman,
year={2001},
issn={0885-6125},
journal={Machine Learning},
volume={45},
number={1},
doi={10.1023/A:1010933404324},
title={Random Forests},
url={http://dx.doi.org/10.1023/A%3A1010933404324},
publisher={Kluwer Academic Publishers},
keywords={classification; regression; ensemble},
author={Breiman, Leo},
pages={5-32},
language={English}
}

@article{Lowe:2004:DIF:993451.996342,
 author = {Lowe, David G.},
 title = {Distinctive Image Features from Scale-Invariant Keypoints},
 journal = {Int. J. Comput. Vision},
 issue_date = {November 2004},
 volume = {60},
 number = {2},
 month = nov,
 year = {2004},
 issn = {0920-5691},
 pages = {91--110},
 numpages = {20},
 url = {http://dx.doi.org/10.1023/B:VISI.0000029664.99615.94},
 doi = {10.1023/B:VISI.0000029664.99615.94},
 acmid = {996342},
 publisher = {Kluwer Academic Publishers},
 address = {Hingham, MA, USA},
 keywords = {image matching, invariant features, object recognition, scale invariance},
} 

@ARTICLE{1661548, 
author={Lepetit, V. and Fua, P.}, 
journal={Pattern Analysis and Machine Intelligence, IEEE Transactions on}, title={Keypoint recognition using randomized trees}, 
year={2006}, 
volume={28}, 
number={9}, 
pages={1465-1479}, 
keywords={computational complexity;feature extraction;image classification;object detection;object recognition;trees (mathematics);3D object-detection;computational complexity;image classification;keypoint recognition;pose-estimation problem;randomized trees;Classification tree analysis;Computer vision;Deformable models;Pattern recognition;Phase detection;Phase estimation;Processor scheduling;Robustness;Runtime;Statistical learning;Image processing and computer vision;classifier design and evaluation;edge and feature detection.;object recognition;statistical;tracking}, 
doi={10.1109/TPAMI.2006.188}, 
ISSN={0162-8828},}


@inproceedings{muja09,
    author = {Muja, M. and Lowe, D.},
    booktitle = {In VISAPP International Conference on Computer Vision Theory and Applications},
    citeulike-article-id = {7169099},
    keywords = {nearest\_neighbors, nn-search},
    pages = {331--340},
    posted-at = {2010-05-14 11:58:48},
    priority = {0},
    title = {{Fast approximate nearest neighbors with automatic algorithm configuration}},
    year = {2009}
}

@INPROCEEDINGS{1570899, 
author={Dollar, P. and Rabaud, V. and Cottrell, G. and Belongie, S.}, 
booktitle={Visual Surveillance and Performance Evaluation of Tracking and Surveillance, 2005. 2nd Joint IEEE International Workshop on}, title={Behavior recognition via sparse spatio-temporal features}, 
year={2005}, 
pages={65-72}, 
keywords={image recognition;object detection;behavior recognition;object recognition;spatio-temporal features;Computer science;Computer vision;Detectors;Mice;Object detection;Object recognition;Prototypes;Robustness;Spatiotemporal phenomena;Video sequences}, 
doi={10.1109/VSPETS.2005.1570899},}


@inproceedings{BMVC.23.28,
   title = {Bag of Optical Flow Volumes for Image Sequence Recognition},
   author = {Riemenschneider, Hayko and Donoser, Michael and Bischof, Horst},
   year = {2009},
   pages = {28.1-28.11},
   booktitle = {Proceedings of the British Machine Vision Conference},
   publisher = {BMVA Press},
   editors = {Cavallaro, A. and Prince, S. and Alexander, D.},
   isbn = {1-901725-39-1},
   note = {doi:10.5244/C.23.28}
}

@article{
year={2008},
issn={0920-5691},
journal={International Journal of Computer Vision},
volume={79},
number={3},
doi={10.1007/s11263-007-0122-4},
title={Unsupervised Learning of Human Action Categories Using Spatial-Temporal Words},
url={http://dx.doi.org/10.1007/s11263-007-0122-4},
publisher={Springer US},
keywords={Action categorization; Bag of words; Spatio-temporal interest points; Topic models; Unsupervised learning},
author={Niebles, JuanCarlos and Wang, Hongcheng and Fei-Fei, Li},
pages={299-318},
language={English}
}

@inproceedings{Schuldt:2004:RHA:1018429.1020906,
 author = {Schuldt, Christian and Laptev, Ivan and Caputo, Barbara},
 title = {Recognizing Human Actions: A Local SVM Approach},
 booktitle = {Proceedings of the Pattern Recognition, 17th International Conference on (ICPR'04) Volume 3 - Volume 03},
 series = {ICPR '04},
 year = {2004},
 isbn = {0-7695-2128-2},
 pages = {32--36},
 numpages = {5},
 url = {http://dx.doi.org/10.1109/ICPR.2004.747},
 doi = {10.1109/ICPR.2004.747},
 acmid = {1020906},
 publisher = {IEEE Computer Society},
 address = {Washington, DC, USA},
} 


@INPROCEEDINGS{1544882, 
author={Blank, M. and Gorelick, L. and Shechtman, E. and Irani, M. and Basri, R.}, 
booktitle={Computer Vision, 2005. ICCV 2005. Tenth IEEE International Conference on}, title={Actions as space-time shapes}, 
year={2005}, 
volume={2}, 
pages={1395-1402 Vol. 2}, 
keywords={Poisson equation;feature extraction;image motion analysis;image sequences;2D shape analysis;Poisson equation;action detection;action dynamics;action recognition;local space-time saliency;partial occlusions;shape orientation;shape structure;space-time feature extraction;space-time shapes;space-time volume;video alignment;video sequences;volumetric space-time action shapes;Computer vision;Humans;Image motion analysis;Information analysis;Motion analysis;Optical computing;Poisson equations;Shape;Torso;Video sequences}, 
doi={10.1109/ICCV.2005.28}, 
ISSN={1550-5499},}

@INPROCEEDINGS{4587735, 
author={Fathi, A. and Mori, G.}, 
booktitle={Computer Vision and Pattern Recognition, 2008. CVPR 2008. IEEE Conference on}, title={Action recognition by learning mid-level motion features}, 
year={2008}, 
pages={1-8}, 
keywords={feature extraction;image classification;image motion analysis;image sequences;learning (artificial intelligence);object recognition;AdaBoost;human action recognition;image sequence classification;low-level optical flow information;mid-level motion feature learning;motion pattern;Biomedical optical imaging;Humans;Image motion analysis;Image sequences;Large-scale systems;Object recognition;Pattern recognition;Runtime;Shape;Video sequences}, 
doi={10.1109/CVPR.2008.4587735}, 
ISSN={1063-6919},}

@INPROCEEDINGS{4270162, 
author={Tae-Kyun Kim and Kwan-Yee Kenneth Wong and Cipolla, R.}, 
booktitle={Computer Vision and Pattern Recognition, 2007. CVPR '07. IEEE Conference on}, title={Tensor Canonical Correlation Analysis for Action Classification}, 
year={2007}, 
pages={1-8}, 
keywords={feature extraction;gesture recognition;image classification;linear algebra;video signal processing;action classification;discriminative feature selection scheme;gesture classification;joint space-time linear relationships;multidimensional data arrays;multilinear algebra;nearest neighbor classifier;tensor canonical correlation analysis;videos;Data mining;Functional analysis;Humans;Image analysis;Image motion analysis;Nearest neighbor searches;Shape;Support vector machines;Tensile stress;Videos}, 
doi={10.1109/CVPR.2007.383137}, 
ISSN={1063-6919},}

@inproceedings{Scovanner:2007:SDA:1291233.1291311,
 author = {Scovanner, Paul and Ali, Saad and Shah, Mubarak},
 title = {A 3-dimensional sift descriptor and its application to action recognition},
 booktitle = {Proceedings of the 15th international conference on Multimedia},
 series = {MULTIMEDIA '07},
 year = {2007},
 isbn = {978-1-59593-702-5},
 location = {Augsburg, Germany},
 pages = {357--360},
 numpages = {4},
 url = {http://doi.acm.org/10.1145/1291233.1291311},
 doi = {10.1145/1291233.1291311},
 acmid = {1291311},
 publisher = {ACM},
 address = {New York, NY, USA},
} 

@INPROCEEDINGS{4544068, 
author={Savarese, S. and DelPozo, A. and Niebles, J.C. and Li Fei-Fei}, 
booktitle={Motion and video Computing, 2008. WMVC 2008. IEEE Workshop on}, title={Spatial-Temporal correlatons for unsupervised action classification}, 
year={2008}, 
pages={1-8}, 
keywords={correlation methods;image classification;image motion analysis;spatiotemporal phenomena;unsupervised learning;video coding;long range temporal information encoding;spatial-temporal correlaton;spatial-temporal local motion feature;temporal signature learning;unsupervised human action classification;unsupervised learning scheme;video clip;Cameras;Computer science;Feature extraction;Humans;Intelligent robots;Intelligent systems;Legged locomotion;Robustness;Trajectory;Video sequences}, 
doi={10.1109/WMVC.2008.4544068},}

@incollection{
year={2004},
isbn={978-3-540-21984-2},
booktitle={Computer Vision - ECCV 2004},
volume={3021},
series={Lecture Notes in Computer Science},
editor={Pajdla, Tomás and Matas, Jiří},
doi={10.1007/978-3-540-24670-1_18},
title={An Affine Invariant Salient Region Detector},
url={http://dx.doi.org/10.1007/978-3-540-24670-1_18},
publisher={Springer Berlin Heidelberg},
author={Kadir, Timor and Zisserman, Andrew and Brady, Michael},
pages={228-241}
}

@inproceedings{BMVC.23.90,
   title = {Exemplar-based Action Recognition in Video},
   author = {Willems, Geert and Becker, Jan Hendrik and Tuytelaars, Tinne and Gool, Luc Van},
   year = {2009},
   pages = {90.1-90.11},
   booktitle = {Proceedings of the British Machine Vision Conference},
   publisher = {BMVA Press},
   editors = {Cavallaro, A. and Prince, S. and Alexander, D.},
   isbn = {1-901725-39-1},
   note = {doi:10.5244/C.23.90}
}

@article{Nanni:2011:LTP:1930552.1930866,
 author = {Nanni, Loris and Brahnam, Sheryl and Lumini, Alessandra},
 title = {Local Ternary Patterns from Three Orthogonal Planes for human action classification},
 journal = {Expert Syst. Appl.},
 issue_date = {May, 2011},
 volume = {38},
 number = {5},
 month = may,
 year = {2011},
 issn = {0957-4174},
 pages = {5125--5128},
 numpages = {4},
 url = {http://dx.doi.org/10.1016/j.eswa.2010.09.137},
 doi = {10.1016/j.eswa.2010.09.137},
 acmid = {1930866},
 publisher = {Pergamon Press, Inc.},
 address = {Tarrytown, NY, USA},
 keywords = {Ensemble of support vector machines, Human action classification, Local Binary Patterns, Local Ternary Patterns, Machine learning techniques},
} 

@INPROCEEDINGS{5459335, 
author={Gilbert, A. and Illingworth, J. and Bowden, R.}, 
booktitle={Computer Vision, 2009 IEEE 12th International Conference on}, title={Fast realistic multi-action recognition using mined dense spatio-temporal features}, 
year={2009}, 
pages={925-931}, 
keywords={data mining;image recognition;very large databases;Hollywood dataset;background clutter;camera motion;class classification;class separability;data mining;fast realistic multi-action recognition;human appearance variations;large data sets;mined dense spatio-temporal features;multi-KTH dataset;very dense corner features;Cameras;Data mining;Detectors;Fires;Humans;Image motion analysis;Motion pictures;Object recognition;Optical films;Testing}, 
doi={10.1109/ICCV.2009.5459335}, 
ISSN={1550-5499},}

@incollection{
year={2006},
isbn={978-3-540-33838-3},
booktitle={Computer Vision – ECCV 2006},
volume={3954},
series={Lecture Notes in Computer Science},
editor={Leonardis, Aleš and Bischof, Horst and Pinz, Axel},
doi={10.1007/11744085_38},
title={Sampling Strategies for Bag-of-Features Image Classification},
url={http://dx.doi.org/10.1007/11744085_38},
publisher={Springer Berlin Heidelberg},
author={Nowak, Eric and Jurie, Frédéric and Triggs, Bill},
pages={490-503}
}

@INPROCEEDINGS{4409066, 
author={Bosch, A. and Zisserman, A. and Muoz, X.}, 
booktitle={Computer Vision, 2007. ICCV 2007. IEEE 11th International Conference on}, title={Image Classification using Random Forests and Ferns}, 
year={2007}, 
pages={1-8}, 
keywords={image classification;image matching;automatic selection;background clutter;edge distributions;image classification;object categories;random fern classifier;random forest classifier;region of interest;spatial pyramid matching;visual words;Benchmark testing;Computer vision;Image classification;Image representation;Layout;Shape;Support vector machine classification;Support vector machines;Turning}, 
doi={10.1109/ICCV.2007.4409066}, 
ISSN={1550-5499},}


@misc{utinteractiondata,
      author = "M. S. Ryoo and J. K. Aggarwal",
      title = "{UT}-{I}nteraction {D}ataset, {ICPR} contest on {S}emantic {D}escription of {H}uman {A}ctivities ({SDHA})",
      year = "2010",
      howpublished = "http://cvrc.ece.utexas.edu/SDHA2010/Human\_Interaction.html"
}

@INPROCEEDINGS{5457657, 
author={Oshin, O. and Gilbert, A. and Illingworth, J. and Bowden, R.}, 
booktitle={Computer Vision Workshops (ICCV Workshops), 2009 IEEE 12th International Conference on}, title={Action recognition using Randomised Ferns}, 
year={2009}, 
pages={530-537}, 
keywords={Bayes methods;gesture recognition;object recognition;pattern classification;randomised algorithms;spatiotemporal phenomena;2D interest points;Bayesian classification method;action boundaries;action recognition;generic classifier;generic method;human action dataset;interest point detectors;interest point distribution;local interest points;randomised ferns;spatial distributions;spatio-temporal blocks;temporal distributions;Bayesian methods;Conferences;Detectors;Humans;Image motion analysis;Robustness;Speech processing;Speech recognition;Testing;Video signal processing}, 
doi={10.1109/ICCVW.2009.5457657},}

@INPROCEEDINGS{5206779, 
author={Bregonzio, Matteo and Shaogang Gong and Tao Xiang}, 
booktitle={Computer Vision and Pattern Recognition, 2009. CVPR 2009. IEEE Conference on}, title={Recognising action as clouds of space-time interest points}, 
year={2009}, 
pages={1948-1955}, 
keywords={feature extraction;image motion analysis;image recognition;image representation;pattern clustering;spatiotemporal phenomena;action recognition;automatic feature selection;bag-of-words representation;clustering algorithm;codebook construction;feature extraction;local space-time descriptor;optimal space-time interest point extraction;smooth motion;spatio-temporal distribution;Cameras;Clouds;Clustering algorithms;Computational efficiency;Computer science;Data mining;Noise shaping;Power engineering and energy;Robustness;Shape}, 
doi={10.1109/CVPR.2009.5206779}, 
ISSN={1063-6919},}


@INPROCEEDINGS{4587723, 
author={Jingen Liu and Shah, M.}, 
booktitle={Computer Vision and Pattern Recognition, 2008. CVPR 2008. IEEE Conference on}, title={Learning human actions via information maximization},
year={2008}, 
pages={1-8}, 
keywords={data analysis;feature extraction;human computer interaction;image sequences;learning (artificial intelligence);spatiotemporal phenomena;video signal processing;IXMAS multiview dataset;KTH dataset;appearance-based human action model;correlogram;human action learning;information maximization;k-means algorithm;learnt optimal video-word clusters;maximization of mutual information;spatiotemporal cuboids;spatiotemporal features;video extraction;video sequence;video-words;Cameras;Clustering algorithms;Computer vision;Data mining;Feature extraction;Humans;Image motion analysis;Spatiotemporal phenomena;Testing;Video sequences}, 
doi={10.1109/CVPR.2008.4587723}, 
ISSN={1063-6919},}

@INPROCEEDINGS{5539881, 
author={Kovashka, A. and Grauman, K.}, 
booktitle={Computer Vision and Pattern Recognition (CVPR), 2010 IEEE Conference on}, title={Learning a hierarchy of discriminative space-time neighborhood features for human action recognition}, 
year={2010}, 
pages={2046-2053}, 
keywords={feature extraction;humanities;image motion analysis;pose estimation;spatiotemporal phenomena;video signal processing;vocabulary;KTH dataset;UCF sport;bag-of-words model;class-specific distance function;discriminative space-time neighborhood feature;feature extraction;human action recognition;local descriptor;spatio-temporal feature;training video set;variable-sized neighborhood;visual vocabulary;Anthropometry;Computer science;Data mining;Histograms;Humans;Motion measurement;Shape measurement;Surveillance;Tracking;Vocabulary}, 
doi={10.1109/CVPR.2010.5539881}, 
ISSN={1063-6919},}

@incollection{
year={2008},
isbn={978-3-540-88692-1},
booktitle={Computer Vision – ECCV 2008},
volume={5305},
series={Lecture Notes in Computer Science},
editor={Forsyth, David and Torr, Philip and Zisserman, Andrew},
doi={10.1007/978-3-540-88693-8_60},
title={Motion Context: A New Representation for Human Action Recognition},
url={http://dx.doi.org/10.1007/978-3-540-88693-8_60},
publisher={Springer Berlin Heidelberg},
author={Zhang, Ziming and Hu, Yiqun and Chan, Syin and Chia, Liang-Tien},
pages={817-829}
}

@incollection{
year={2008},
isbn={978-3-540-88681-5},
booktitle={Computer Vision – ECCV 2008},
volume={5302},
series={Lecture Notes in Computer Science},
editor={Forsyth, David and Torr, Philip and Zisserman, Andrew},
doi={10.1007/978-3-540-88682-2_42},
title={Human Activity Recognition with Metric Learning},
url={http://dx.doi.org/10.1007/978-3-540-88682-2_42},
publisher={Springer Berlin Heidelberg},
author={Tran, Du and Sorokin, Alexander},
pages={548-561}
}

@inproceedings{BMVC.21.8,
   title = {A Probabilistic Framework for Recognizing Similar Actions using Spatio-Temporal Features},
   author = {Patron, A. and Reid, I.},
   year = {2007},
   pages = {8.1-8.10},
   booktitle = {Proceedings of the British Machine Vision Conference},
   publisher = {BMVA Press},
   editors = {Rajpoot, N. M. and Bhalerao, A. H.},
   isbn = {1-901725-34-0},
   note = {doi:10.5244/C.21.8}
}


