% This file was created with JabRef 2.9b.
% Encoding: ISO8859_1

@ARTICLE{Agarwal2006,
  author = {Agarwal, A. and Triggs, B.},
  title = {Recovering 3D human pose from monocular images},
  journal = {Pattern Analysis and Machine Intelligence, IEEE Transactions on},
  year = {2006},
  volume = {28},
  pages = {44-58},
  number = {1},
  doi = {10.1109/TPAMI.2006.21},
  issn = {0162-8828},
  keywords = {computer vision;image motion analysis;image sequences;learning (artificial
	intelligence);regression analysis;support vector machines;3D human
	pose;histogram-of-shape-contexts descriptors;human motion estimation;image
	silhouettes;learning-based method;monocular image sequences;nonlinear
	regression;relevance vector machine regression;ridge regression;shape
	descriptor vectors;silhouette shape;support vector machine regression;Biological
	system modeling;Humans;Image segmentation;Image sequences;Kernel;Labeling;Learning
	systems;Robustness;Shape;Support vector machines;Index Terms- Computer
	vision;human motion estimation;machine learning;multivariate regression.;Algorithms;Artificial
	Intelligence;Humans;Image Interpretation, Computer-Assisted;Imaging,
	Three-Dimensional;Joints;Pattern Recognition, Automated;Photography;Posture;Reproducibility
	of Results;Sensitivity and Specificity;Subtraction Technique}
}

@INPROCEEDINGS{Andriluka2010,
  author = {Andriluka, M. and Roth, S. and Schiele, B.},
  title = {Monocular 3D pose estimation and tracking by detection},
  booktitle = {Computer Vision and Pattern Recognition (CVPR), 2010 IEEE Conference
	on},
  year = {2010},
  pages = {623-630},
  doi = {10.1109/CVPR.2010.5540156},
  issn = {1063-6919},
  keywords = {image sequences;object detection;optical tracking;pose estimation;2D
	articulation estimation;2D image evidence;2D limb position;3D human
	pose;articulated 3D tracking;crowded street scene;data association;detection
	tracking;monocular 3D pose estimation;monocular image sequence;three-stage
	process building;tracking-by-detection;tracklet-based estimates;viewpoint
	estimation;Biological system modeling;Cameras;Computer science;Hidden
	Markov models;Humans;Hybrid power systems;Image sequences;Layout;Motion
	estimation;Robustness}
}

@INPROCEEDINGS{Andriluka2009,
  author = {Andriluka, M. and Roth, S. and Schiele, B.},
  title = {Pictorial structures revisited: People detection and articulated
	pose estimation},
  booktitle = {Computer Vision and Pattern Recognition, 2009. CVPR 2009. IEEE Conference
	on},
  year = {2009},
  pages = {1014-1021},
  doi = {10.1109/CVPR.2009.5206754},
  issn = {1063-6919},
  keywords = {computer vision;learning (artificial intelligence);object detection;object
	recognition;pose estimation;shape recognition;spatial data structures;AdaBoost
	classifiers;articulated pose estimation;computer vision;people detection;shape
	context descriptors;spatial modeling;Biological system modeling;Detectors;Gaussian
	processes;Humans;Image edge detection;Indexing;Iterative methods;Layout;Object
	detection;State estimation}
}

@INPROCEEDINGS{Baak2011,
  author = {Baak, Andreas and Muller, Meinard and Bharaj, Gaurav and Seidel,
	Hans-Peter and Theobalt, Christian},
  title = {A data-driven approach for real-time full body pose reconstruction
	from a depth camera},
  booktitle = {Proceedings of the 2011 International Conference on Computer Vision},
  year = {2011},
  series = {ICCV '11},
  pages = {1092--1099},
  address = {Washington, DC, USA},
  publisher = {IEEE Computer Society},
  acmid = {2356392},
  doi = {10.1109/ICCV.2011.6126356},
  isbn = {978-1-4577-1101-5},
  numpages = {8},
  url = {http://dx.doi.org/10.1109/ICCV.2011.6126356}
}

@INPROCEEDINGS{Bissacco2007,
  author = {Bissacco, A. and Ming-Hsuan Yang and Soatto, S.},
  title = {Fast Human Pose Estimation using Appearance and Motion via Multi-Dimensional
	Boosting Regression},
  booktitle = {Computer Vision and Pattern Recognition, 2007. CVPR '07. IEEE Conference
	on},
  year = {2007},
  pages = {1-8},
  doi = {10.1109/CVPR.2007.383129},
  issn = {1063-6919},
  keywords = {image motion analysis;image sequences;pose estimation;regression analysis;video
	signal processing;Haar features;fast human pose estimation;gradient
	boosting techniques;human body trackers;image patches;motion capture;multidimensional
	boosting regression;video sequences;Biological system modeling;Boosting;Computer
	science;Humans;Joints;Legged locomotion;Motion estimation;Testing;Tracking;Video
	sequences}
}

@INPROCEEDINGS{Bourdev2009,
  author = {Bourdev, L. and Malik, J.},
  title = {Poselets: Body part detectors trained using 3D human pose annotations},
  booktitle = {Computer Vision, 2009 IEEE 12th International Conference on},
  year = {2009},
  pages = {1365-1372},
  doi = {10.1109/ICCV.2009.5459303},
  issn = {1550-5499},
  keywords = {Clustering algorithms;Detectors;Face detection;Head;Humans;Image segmentation;Shoulder;Support
	vector machine classification;Support vector machines;Torso}
}

@INPROCEEDINGS{Bronstein2010,
  author = {Bronstein, M.M. and Bronstein, A.M. and Michel, F. and Paragios,
	N.},
  title = {Data fusion through cross-modality metric learning using similarity-sensitive
	hashing},
  booktitle = {Computer Vision and Pattern Recognition (CVPR), 2010 IEEE Conference
	on},
  year = {2010},
  pages = {3594-3601},
  doi = {10.1109/CVPR.2010.5539928},
  issn = {1063-6919},
  keywords = {computer vision;image classification;image retrieval;learning (artificial
	intelligence);sensor fusion;Hamming space;binary classification;boosting
	algorithm;computer vision;cross-modality metric learning;cross-representation
	shape retrieval;data fusion;multimodal medical image;pattern recognition;similarity-sensitive
	hashing;supervised similarity learning;Application software;Biomedical
	imaging;Boosting;Computer vision;Content based retrieval;Image retrieval;Pattern
	recognition;Shape;Support vector machines;Vocabulary}
}

@INCOLLECTION{Criminisi2011,
  author = {Criminisi, Antonio and Shotton, Jamie and Robertson, Duncan and Konukoglu,
	Ender},
  title = {Regression Forests for Efficient Anatomy Detection and Localization
	in CT Studies},
  booktitle = {Medical Computer Vision. Recognition Techniques and Applications
	in Medical Imaging},
  publisher = {Springer Berlin Heidelberg},
  year = {2011},
  editor = {Menze, Bjoern and Langs, Georg and Tu, Zhuowen and Criminisi, Antonio},
  volume = {6533},
  series = {Lecture Notes in Computer Science},
  pages = {106-117},
  doi = {10.1007/978-3-642-18421-5_11},
  isbn = {978-3-642-18420-8},
  url = {http://dx.doi.org/10.1007/978-3-642-18421-5_11}
}

@ARTICLE{Eichner2012,
  author = {Eichner, M. and Marin-Jimenez, M. and Zisserman, A. and Ferrari,
	V.},
  title = {2D Articulated Human Pose Estimation and Retrieval in (Almost) Unconstrained
	Still Images},
  journal = {International Journal of Computer Vision},
  year = {2012},
  volume = {99},
  pages = {190-214},
  number = {2},
  doi = {10.1007/s11263-012-0524-9},
  issn = {0920-5691},
  keywords = {Articulated human pose estimation search retrieval},
  language = {English},
  publisher = {Springer US},
  url = {http://dx.doi.org/10.1007/s11263-012-0524-9}
}

@INPROCEEDINGS{Elgammal2004,
  author = {Elgammal, A. and Chan-Su Lee},
  title = {Inferring 3D body pose from silhouettes using activity manifold learning},
  booktitle = {Computer Vision and Pattern Recognition, 2004. CVPR 2004. Proceedings
	of the 2004 IEEE Computer Society Conference on},
  year = {2004},
  volume = {2},
  pages = {II-681-II-688 Vol.2},
  doi = {10.1109/CVPR.2004.1315230},
  issn = {1063-6919},
  keywords = {image motion analysis;image reconstruction;image representation;multidimensional
	signal processing;3D body pose;activity manifold learning;human silhouettes;intrinsic
	body configuration;intrinsic body recovery;mapping functions;view-based
	representations;Biological system modeling;Cameras;Computer science;Geometry;Humans;Image
	reconstruction;Kinematics;Motion analysis;Solid modeling;Surveillance}
}

@ARTICLE{Felzenszwalb2010,
  author = {Felzenszwalb, P.F. and Girshick, R.B. and McAllester, D. and Ramanan,
	D.},
  title = {Object Detection with Discriminatively Trained Part-Based Models},
  journal = {Pattern Analysis and Machine Intelligence, IEEE Transactions on},
  year = {2010},
  volume = {32},
  pages = {1627-1645},
  number = {9},
  doi = {10.1109/TPAMI.2009.167},
  issn = {0162-8828},
  keywords = {data mining;iterative methods;object detection;object recognition;support
	vector machines;PASCAL object detection;data mining;discriminative
	trained part-based models;iterative training algorithm;latent SVM
	objective function;margin-sensitive approach;multiscale deformable
	part models;object detection system;object recognition;support vector
	machine;Object recognition;deformable models;discriminative training;latent
	SVM.;pictorial structures;Algorithms;Artificial Intelligence;Discriminant
	Analysis;Image Enhancement;Image Interpretation, Computer-Assisted;Imaging,
	Three-Dimensional;Pattern Recognition, Automated;Reproducibility
	of Results;Sensitivity and Specificity}
}

@ARTICLE{Felzenszwalb2005,
  author = {Felzenszwalb, PedroF. and Huttenlocher, DanielP.},
  title = {Pictorial Structures for Object Recognition},
  journal = {International Journal of Computer Vision},
  year = {2005},
  volume = {61},
  pages = {55-79},
  number = {1},
  doi = {10.1023/B:VISI.0000042934.15159.49},
  issn = {0920-5691},
  keywords = {part-based object recognition; statistical models; energy minimization},
  language = {English},
  publisher = {Kluwer Academic Publishers},
  url = {http://dx.doi.org/10.1023/B%3AVISI.0000042934.15159.49}
}

@INPROCEEDINGS{Felzenszwalb2000,
  author = {Felzenszwalb, P.F. and Huttenlocher, D.P.},
  title = {Efficient matching of pictorial structures},
  booktitle = {Computer Vision and Pattern Recognition, 2000. Proceedings. IEEE
	Conference on},
  year = {2000},
  volume = {2},
  pages = {66-73 vol.2},
  doi = {10.1109/CVPR.2000.854739},
  issn = {1063-6919},
  keywords = {image matching;image recognition;best global match;image recognition;matching;pictorial
	structure;recognition;Artificial intelligence;Bayesian methods;Computer
	science;Contracts;Deformable models;Image recognition;Integrated
	circuit modeling;Laboratories;Layout;Wheels}
}

@ARTICLE{Fischler1973,
  author = {Fischler, Martin A. and Elschlager, R.A.},
  title = {The Representation and Matching of Pictorial Structures},
  journal = {Computers, IEEE Transactions on},
  year = {1973},
  volume = {C-22},
  pages = {67-92},
  number = {1},
  doi = {10.1109/T-C.1973.223602},
  issn = {0018-9340},
  keywords = {Dynamic programming, heuristic optimization, picture description,
	picture matching, picture processing, representation.;Dynamic programming;Face;Image
	analysis;Image processing;Layout;Missiles;Navigation;Optical distortion;Optical
	noise;Optical sensors;Dynamic programming, heuristic optimization,
	picture description, picture matching, picture processing, representation.}
}

@ARTICLE{Gall2011,
  author = {Gall, J. and Yao, A. and Razavi, N. and Van Gool, L. and Lempitsky,
	V.},
  title = {Hough Forests for Object Detection, Tracking, and Action Recognition},
  journal = {Pattern Analysis and Machine Intelligence, IEEE Transactions on},
  year = {2011},
  volume = {33},
  pages = {2188-2202},
  number = {11},
  doi = {10.1109/TPAMI.2011.70},
  issn = {0162-8828},
  keywords = {Hough transforms;computer vision;gesture recognition;image matching;image
	motion analysis;learning (artificial intelligence);object detection;object
	tracking;Hough forests;Hough votes;Hough-based systems;action recognition;benchmark
	data sets;computer vision tasks;dense sampling;detection accuracy;fast
	matching;generalized Hough transform;implicit shape models;local
	image patches;object detection;object tracking;random forests;supervised
	training;task-adapted codebooks;video cuboids;Feature extraction;Object
	detection;Shape;Training;Transforms;Uncertainty;Vegetation;Hough
	transform;action recognition.;object detection;tracking}
}

@INPROCEEDINGS{Germann2011,
  author = {Germann, M. and Popa, T. and Ziegler, R. and Keiser, R. and Gross,
	Markus},
  title = {Space-Time Body Pose Estimation in Uncontrolled Environments},
  booktitle = {3D Imaging, Modeling, Processing, Visualization and Transmission
	(3DIMPVT), 2011 International Conference on},
  year = {2011},
  pages = {244-251},
  doi = {10.1109/3DIMPVT.2011.38},
  keywords = {pose estimation;video signal processing;multiview body pose estimation;space-time
	body pose estimation;spatial silhouette based search;temporal silhouette
	based search;video footage;Cameras;Databases;Estimation;Labeling;Leg;Pixel;Three
	dimensional displays;body pose estimation;uncontrolled environments}
}

@INPROCEEDINGS{Greif2011,
  author = {Greif, Thomas and Lienhart, R. and Sengupta, Debabrata},
  title = {Monocular 3D human pose estimation by classification},
  booktitle = {Multimedia and Expo (ICME), 2011 IEEE International Conference on},
  year = {2011},
  pages = {1-6},
  doi = {10.1109/ICME.2011.6011915},
  issn = {1945-7871},
  keywords = {Pose estimation;human detection;random forests}
}

@INPROCEEDINGS{Guan2009,
  author = {Peng Guan and Weiss, A. and Balan, A.O. and Black, M.J.},
  title = {Estimating human shape and pose from a single image},
  booktitle = {Computer Vision, 2009 IEEE 12th International Conference on},
  year = {2009},
  pages = {1381-1388},
  doi = {10.1109/ICCV.2009.5459300},
  issn = {1550-5499},
  keywords = {Humans;Shape}
}

@ARTICLE{Hogg1983,
  author = {David Hogg},
  title = {Model-based vision: a program to see a walking person },
  journal = {Image and Vision Computing },
  year = {1983},
  volume = {1},
  pages = {5 - 20},
  number = {1},
  doi = {10.1016/0262-8856(83)90003-3},
  issn = {0262-8856},
  keywords = {vision},
  url = {http://www.sciencedirect.com/science/article/pii/0262885683900033}
}

@ARTICLE{Hua2007,
  author = {Gang Hua and Ying Wu},
  title = {A decentralized probabilistic approach to articulated body tracking
	},
  journal = {Computer Vision and Image Understanding },
  year = {2007},
  volume = {108},
  pages = {272 - 283},
  number = {3},
  note = {<ce:title>Special Issue on Spatiotemporal Coherence for Visual Motion
	Analysis</ce:title> },
  doi = {10.1016/j.cviu.2006.11.020},
  issn = {1077-3142},
  keywords = {Articulated body motion},
  url = {http://www.sciencedirect.com/science/article/pii/S1077314207000136}
}

@INPROCEEDINGS{Ioffe1999,
  author = {Ioffe, S. and Forsyth, D.},
  title = {Finding people by sampling},
  booktitle = {Computer Vision, 1999. The Proceedings of the Seventh IEEE International
	Conference on},
  year = {1999},
  volume = {2},
  pages = {1092-1097 vol.2},
  doi = {10.1109/ICCV.1999.790398},
  keywords = {equivalence classes;image sampling;optimisation;EM algorithm;MAP estimate;bottom
	up reasoning;class representatives;cylindrical segments;equivalence
	classes;learned likelihood model;nine-segment hypotheses;pruning
	process;pruning steps;real scenes;sampling method;static images}
}

@INPROCEEDINGS{Ionescu2011,
  author = {Ionescu, C. and Fuxin Li and Sminchisescu, C.},
  title = {Latent structured models for human pose estimation},
  booktitle = {Computer Vision (ICCV), 2011 IEEE International Conference on},
  year = {2011},
  pages = {2220-2227},
  doi = {10.1109/ICCV.2011.6126500},
  issn = {1550-5499},
  keywords = {approximation theory;image reconstruction;image segmentation;inference
	mechanisms;learning (artificial intelligence);pose estimation;prediction
	theory;3D human articular configuration;Fourier kernel approximation;Hollywood
	movie;HumanEva benchmark;augmented kernel;automatic 3D human pose
	reconstruction;combined segment selection;complex dependency encoding;discriminative
	formulation;figure-ground segment hypothesis;human pose estimation;inference;latent
	segmentation inputs;latent structured model;learning;monocular images;nonlinear
	latent structured prediction methodology;prediction problem;primal
	linear reformulation;tractable formulation;Estimation;Humans;Image
	segmentation;Joints;Kernel;Three dimensional displays;Training}
}

@ARTICLE{Jiang2011,
  author = {Hao Jiang},
  title = {Human Pose Estimation Using Consistent Max Covering},
  journal = {Pattern Analysis and Machine Intelligence, IEEE Transactions on},
  year = {2011},
  volume = {33},
  pages = {1911-1918},
  number = {9},
  doi = {10.1109/TPAMI.2011.92},
  issn = {0162-8828},
  keywords = {feature extraction;image matching;pose estimation;body part assembly;body
	part tiles;color constraints;consistent max covering;global shape
	constraint;human pose estimation;jigsaw puzzle problem;match local
	image features;multiple body parts;part relation graph;polynomial
	time;rough foreground estimation;Estimation;Human factors;Linear
	programming;Object detection;Optimization;Human pose estimation;consistent
	max covering;linear programming.}
}

@INPROCEEDINGS{Johnson2011,
  author = {Johnson, S. and Everingham, M.},
  title = {Learning effective human pose estimation from inaccurate annotation},
  booktitle = {Computer Vision and Pattern Recognition (CVPR), 2011 IEEE Conference
	on},
  year = {2011},
  pages = {1465-1472},
  doi = {10.1109/CVPR.2011.5995318},
  issn = {1063-6919},
  keywords = {pose estimation;2D articulated human pose estimation;Amazon Mechanical
	Turk;body part appearance;human appearance;inaccurate annotation;learning
	effective human pose estimation;nonlinear classifiers;pose dependence;pose
	space;Estimation;Head;Humans;Image color analysis;Joints;Training;Training
	data}
}

@INCOLLECTION{Micilotta2006,
  author = {Micilotta, AntonioS. and Ong, Eng-Jon and Bowden, Richard},
  title = {Real-Time Upper Body Detection and 3D Pose Estimation in Monoscopic
	Images},
  booktitle = {Computer Vision – ECCV 2006},
  publisher = {Springer Berlin Heidelberg},
  year = {2006},
  editor = {Leonardis, Aleš and Bischof, Horst and Pinz, Axel},
  volume = {3953},
  series = {Lecture Notes in Computer Science},
  pages = {139-150},
  doi = {10.1007/11744078_11},
  isbn = {978-3-540-33836-9},
  url = {http://dx.doi.org/10.1007/11744078_11}
}

@INPROCEEDINGS{Navaratnam2006,
  author = {Navaratnam, R. and Fitzgibbon, A. W. and Cipolla, R.},
  title = {Semi-supervised Learning of Joint Density Models for Human Pose Estimation},
  booktitle = {Proceedings of the British Machine Vision Conference},
  year = {2006},
  pages = {70.1-70.10},
  publisher = {BMVA Press},
  note = {doi:10.5244/C.20.70},
  editors = {Chantler, Mike and Fisher, Bob and Trucco, Manuel},
  isbn = {1-901725-32-4}
}

@INPROCEEDINGS{Pishchulin2012,
  author = {Pishchulin, L. and Jain, A. and Andriluka, M. and Thormahlen, T.
	and Schiele, B.},
  title = {Articulated people detection and pose estimation: Reshaping the future},
  booktitle = {Computer Vision and Pattern Recognition (CVPR), 2012 IEEE Conference
	on},
  year = {2012},
  pages = {3178-3185},
  doi = {10.1109/CVPR.2012.6248052},
  issn = {1063-6919},
  keywords = {pose estimation;articulated human detection;articulated people detection;articulated
	pose estimation;body shape;computer graphics;human pose estimation
	benchmark;image parsing;real-world scenes;realistic appearance;shape
	variations;Estimation;Humans;IP networks;Joints;Shape;Solid modeling;Training}
}

@INPROCEEDINGS{Pons-Moll2011,
  author = {Pons-Moll, G. and Baak, A. and Gall, J. and Leal-Taixe, L. and Muller,
	M. and Seidel, H. and Rosenhahn, B.},
  title = {Outdoor human motion capture using inverse kinematics and von mises-fisher
	sampling},
  booktitle = {Computer Vision (ICCV), 2011 IEEE International Conference on},
  year = {2011},
  pages = {1243-1250},
  doi = {10.1109/ICCV.2011.6126375},
  issn = {1550-5499},
  keywords = {image motion analysis;image sampling;image sensors;optimisation;annealing
	particle-based optimization scheme;hybrid human motion capture system;inverse
	kinematics;multiview image sequence;orientation cues;outdoor human
	motion capture;positional kinematic constraints;sensor noise model;sparse
	inertial sensor input;visual cues;von Mises-Fisher distribution;von
	Mises-Fisher sampling;Bones;Joints;Kinematics;Manifolds;Noise;Optimization;Tracking}
}

@ARTICLE{Poppe2007,
  author = {Ronald Poppe},
  title = {Vision-based human motion analysis: An overview },
  journal = {Computer Vision and Image Understanding },
  year = {2007},
  volume = {108},
  pages = {4 - 18},
  number = {1–2},
  note = {<ce:title>Special Issue on Vision for Human-Computer Interaction</ce:title>
	},
  doi = {10.1016/j.cviu.2006.10.016},
  issn = {1077-3142},
  keywords = {Human motion analysis},
  url = {http://www.sciencedirect.com/science/article/pii/S1077314206002293}
}

@INPROCEEDINGS{Raja2011,
  author = {Raja, K. and Laptev, I. and Perez, P. and Oisel, L.},
  title = {Joint pose estimation and action recognition in image graphs},
  booktitle = {Image Processing (ICIP), 2011 18th IEEE International Conference
	on},
  year = {2011},
  pages = {25-28},
  doi = {10.1109/ICIP.2011.6116197},
  issn = {1522-4880},
  keywords = {gesture recognition;graph theory;pose estimation;KTH dataset;action
	recognition;data driven approach;discriminatively trained graphical
	model;human analysis;human appearance subspace;human pose estimation;image
	graphs;Conferences;Estimation;Graphical models;Humans;Image recognition;Joints;Training;Action
	Recognition in still images;Graph optimization;Pose estimation}
}

@INCOLLECTION{Ramakrishna2012,
  author = {Ramakrishna, Varun and Kanade, Takeo and Sheikh, Yaser},
  title = {Reconstructing 3D Human Pose from 2D Image Landmarks},
  booktitle = {Computer Vision – ECCV 2012},
  publisher = {Springer Berlin Heidelberg},
  year = {2012},
  editor = {Fitzgibbon, Andrew and Lazebnik, Svetlana and Perona, Pietro and
	Sato, Yoichi and Schmid, Cordelia},
  volume = {7575},
  series = {Lecture Notes in Computer Science},
  pages = {573-586},
  doi = {10.1007/978-3-642-33765-9_41},
  isbn = {978-3-642-33764-2},
  url = {http://dx.doi.org/10.1007/978-3-642-33765-9_41}
}

@INPROCEEDINGS{Ren2005,
  author = {Xiaofeng Ren and Berg, A.C. and Malik, J.},
  title = {Recovering human body configurations using pairwise constraints between
	parts},
  booktitle = {Computer Vision, 2005. ICCV 2005. Tenth IEEE International Conference
	on},
  year = {2005},
  volume = {1},
  pages = {824-831 Vol. 1},
  doi = {10.1109/ICCV.2005.204},
  issn = {1550-5499},
  keywords = {image matching;image reconstruction;image representation;integer programming;learning
	(artificial intelligence);object recognition;quadratic programming;clothing
	symmetry;dynamic programming;hand-labeled image;human body parts
	configuration;integer quadratic programming;linear approximation;pairwise
	configuration constraint;pairwise constraint learning;relative position;scale
	compatibility;smooth contour connection;static image;Assembly;Clothing;Detectors;Dynamic
	programming;Humans;Information resources;Linear approximation;Parallel
	processing;Quadratic programming;Testing}
}

@ARTICLE{Rogez2012,
  author = {Rogez, Grégory and Rihan, Jonathan and Orrite-Uruñuela, Carlos
	and Torr, PhilipH.S.},
  title = {Fast Human Pose Detection Using Randomized Hierarchical Cascades
	of Rejectors},
  journal = {International Journal of Computer Vision},
  year = {2012},
  volume = {99},
  pages = {25-52},
  number = {1},
  doi = {10.1007/s11263-012-0516-9},
  issn = {0920-5691},
  keywords = {Human detection; Pose estimation; Cascade classifiers},
  language = {English},
  publisher = {Springer US},
  url = {http://dx.doi.org/10.1007/s11263-012-0516-9}
}

@INPROCEEDINGS{Sapp2011,
  author = {Sapp, B. and Weiss, D. and Taskar, B.},
  title = {Parsing human motion with stretchable models},
  booktitle = {Computer Vision and Pattern Recognition (CVPR), 2011 IEEE Conference
	on},
  year = {2011},
  pages = {1281-1288},
  doi = {10.1109/CVPR.2011.5995607},
  issn = {1063-6919},
  keywords = {image colour analysis;image sequences;inference mechanisms;motion
	estimation;pose estimation;tree data structures;video signal processing;approximate
	inference;articulated human pose estimation problem;color tracking;dual
	decomposition;human motion parsing;image appearance;intractable inference;joint
	multiple articulated parts parsing;learning problem;max-marginal
	combination method;motion cues;optical flow contours;single-frame
	pose estimation;stretchable model;temporal coupling;temporal features;tractable
	model ensemble;tree structure;unconstrained videos;video dataset;Computational
	modeling;Decoding;Elbow;Humans;Image color analysis;Joints;Videos}
}

@ARTICLE{Sigal2010,
  author = {Sigal, Leonid and Balan, AlexandruO. and Black, MichaelJ.},
  title = {HumanEva: Synchronized Video and Motion Capture Dataset and Baseline
	Algorithm for Evaluation of Articulated Human Motion},
  journal = {International Journal of Computer Vision},
  year = {2010},
  volume = {87},
  pages = {4-27},
  number = {1-2},
  doi = {10.1007/s11263-009-0273-6},
  issn = {0920-5691},
  keywords = {Articulated pose estimation; Articulated tracking; Motion capture;
	Human tracking; Datasets and evaluation},
  language = {English},
  publisher = {Springer US},
  url = {http://dx.doi.org/10.1007/s11263-009-0273-6}
}

@ARTICLE{Sigal2012,
  author = {Sigal, Leonid and Isard, Michael and Haussecker, Horst and Black,
	MichaelJ.},
  title = {Loose-limbed People: Estimating 3D Human Pose and Motion Using Non-parametric
	Belief Propagation},
  journal = {International Journal of Computer Vision},
  year = {2012},
  volume = {98},
  pages = {15-48},
  number = {1},
  doi = {10.1007/s11263-011-0493-4},
  issn = {0920-5691},
  keywords = {Articulated pose estimation; Articulated tracking; Human pose estimation;
	Human motion tracking; Non-parametric belief propagation},
  language = {English},
  publisher = {Springer US},
  url = {http://dx.doi.org/10.1007/s11263-011-0493-4}
}

@INPROCEEDINGS{Simo-Serra2012,
  author = {Simo-Serra, E. and Ramisa, A. and Alenya, G. and Torras, C. and Moreno-Noguer,
	F.},
  title = {Single image 3D human pose estimation from noisy observations},
  booktitle = {Computer Vision and Pattern Recognition (CVPR), 2012 IEEE Conference
	on},
  year = {2012},
  pages = {2673-2680},
  doi = {10.1109/CVPR.2012.6247988},
  issn = {1063-6919},
  keywords = {pose estimation;sampling methods;stochastic processes;2D image features;2D
	part detector;3D inferred shape;3D poses;ambiguous 3D shapes;complete
	disambiguation;image projections;kinematic constraints;markerless
	3D human pose detection;noisy observations;single image 3D human
	pose estimation;stochastic sampling strategy;underconstrained problem;Covariance
	matrix;Detectors;Humans;Joints;Kinematics;Shape;Space exploration}
}

@INPROCEEDINGS{Sun2012,
  author = {Min Sun and Kohli, P. and Shotton, J.},
  title = {Conditional regression forests for human pose estimation},
  booktitle = {Computer Vision and Pattern Recognition (CVPR), 2012 IEEE Conference
	on},
  year = {2012},
  pages = {3394-3401},
  doi = {10.1109/CVPR.2012.6248079},
  issn = {1063-6919},
  keywords = {computer vision;image coding;image segmentation;pose estimation;prediction
	theory;random processes;regression analysis;body joint location prediction;computational
	cost;computer vision task;conditional regression forest;dependency
	relationship;global latent variable;human height;human pose estimation;object
	segmentation;random forest;temporal model;torso orientation encoding;Computational
	modeling;Estimation;Humans;Joints;Mathematical model;Torso;Vegetation}
}

@INPROCEEDINGS{Sun2012a,
  author = {Min Sun and Telaprolu, M. and Honglak Lee and Savarese, S.},
  title = {An efficient branch-and-bound algorithm for optimal human pose estimation},
  booktitle = {Computer Vision and Pattern Recognition (CVPR), 2012 IEEE Conference
	on},
  year = {2012},
  pages = {1616-1623},
  doi = {10.1109/CVPR.2012.6247854},
  issn = {1063-6919},
  keywords = {computer vision;inference mechanisms;pose estimation;tree searching;Buffy
	datasets;Stickmen datasets;body part configurations;body part misclassification
	errors;branch-and-bound algorithm;computer vision;exact inference
	algorithm;loopy graphical models;optimal human pose estimation;stretchable
	models;tree model;Gold;Indexes;Nickel;Torso}
}

@INPROCEEDINGS{Taylor2012,
  author = {Taylor, J. and Shotton, J. and Sharp, T. and Fitzgibbon, A.},
  title = {The Vitruvian manifold: Inferring dense correspondences for one-shot
	human pose estimation},
  booktitle = {Computer Vision and Pattern Recognition (CVPR), 2012 IEEE Conference
	on},
  year = {2012},
  pages = {103-110},
  doi = {10.1109/CVPR.2012.6247664},
  issn = {1063-6919},
  keywords = {minimisation;pose estimation;regression analysis;Vitruvian manifold;alternating
	minimization;dense correspondence;image cropping;model-to-image correspondence;one-shot
	human pose estimation;regression function;single-frame data set;Estimation;Joints;Manifolds;Optimization;Shape;Training;Vegetation}
}

@INPROCEEDINGS{Wang2012,
  author = {Jiang Wang and Zicheng Liu and Ying Wu and Junsong Yuan},
  title = {Mining actionlet ensemble for action recognition with depth cameras},
  booktitle = {Computer Vision and Pattern Recognition (CVPR), 2012 IEEE Conference
	on},
  year = {2012},
  pages = {1290-1297},
  doi = {10.1109/CVPR.2012.6247813},
  issn = {1063-6919},
  keywords = {cameras;image motion analysis;image recognition;image sensors;object
	tracking;3D position;MoCap system;actionlet ensemble mining;actionlet
	ensemble model;commodity depth sensor;depth camera;depth map;human
	action recognition;human motion;human-object interaction;intraclass
	variation;occlusion;tracked joints;Cameras;Feature extraction;Hidden
	Markov models;Humans;Joints;Noise;Robustness}
}

@INCOLLECTION{Wang2008,
  author = {Wang, Yang and Mori, Greg},
  title = {Multiple Tree Models for Occlusion and Spatial Constraints in Human
	Pose Estimation},
  booktitle = {Computer Vision – ECCV 2008},
  publisher = {Springer Berlin Heidelberg},
  year = {2008},
  editor = {Forsyth, David and Torr, Philip and Zisserman, Andrew},
  volume = {5304},
  series = {Lecture Notes in Computer Science},
  pages = {710-724},
  doi = {10.1007/978-3-540-88690-7_53},
  isbn = {978-3-540-88689-1},
  url = {http://dx.doi.org/10.1007/978-3-540-88690-7_53}
}

@INPROCEEDINGS{Wei2009,
  author = {Wei, Xiaolin K. and Jinxiang Chai},
  title = {Modeling 3D human poses from uncalibrated monocular images},
  booktitle = {Computer Vision, 2009 IEEE 12th International Conference on},
  year = {2009},
  pages = {1873-1880},
  doi = {10.1109/ICCV.2009.5459415},
  issn = {1550-5499},
  keywords = {Bones;Cameras;Computer vision;Constraint optimization;Data mining;Humans;Image
	reconstruction;Image segmentation;Internet;Joints}
}

@INPROCEEDINGS{Yang2011,
  author = {Yi Yang and Ramanan, D.},
  title = {Articulated pose estimation with flexible mixtures-of-parts},
  booktitle = {Computer Vision and Pattern Recognition (CVPR), 2011 IEEE Conference
	on},
  year = {2011},
  pages = {1385-1392},
  doi = {10.1109/CVPR.2011.5995741},
  issn = {1063-6919},
  keywords = {dynamic programming;image coding;image representation;pose estimation;trees
	(mathematics);articulated limb parts;contextual co-occurrence relation;dynamic
	programming;flexible mixture model;flexible mixture of parts;human
	pose estimation;spatial relations;standard spring models;static images;tree
	structure;Computational modeling;Deformable models;Estimation;Humans;Joints;Springs;Training}
}

@ARTICLE{Yao2012,
  author = {Yao, Angela and Gall, Juergen and Gool, Luc},
  title = {Coupled Action Recognition and Pose Estimation from Multiple Views},
  journal = {International Journal of Computer Vision},
  year = {2012},
  volume = {100},
  pages = {16-37},
  number = {1},
  doi = {10.1007/s11263-012-0532-9},
  issn = {0920-5691},
  keywords = {Human pose estimation; Human action recognition; Tracking; Stochastic
	optimization; Hough transform},
  language = {English},
  publisher = {Springer US},
  url = {http://dx.doi.org/10.1007/s11263-012-0532-9}
}

@INPROCEEDINGS{Ye2011,
  author = {Mao Ye and Xianwang Wang and Ruigang Yang and Liu Ren and Pollefeys,
	M.},
  title = {Accurate 3D pose estimation from a single depth image},
  booktitle = {Computer Vision (ICCV), 2011 IEEE International Conference on},
  year = {2011},
  pages = {731-738},
  doi = {10.1109/ICCV.2011.6126310},
  issn = {1550-5499},
  keywords = {image matching;image motion analysis;object detection;pose estimation;smoothing
	methods;3D pose estimation;body pose configuration estimation;human
	motion modeling;input depth map;input point cloud semantic labeling;point
	cloud alignment;point cloud smoothing technique;pose detection;pose
	refinement;pose search algorithm;single depth image;Accuracy;Cameras;Databases;Estimation;Joints;Sensors;Shape}
}

@INPROCEEDINGS{Yu2010,
  author = {Yu, Tsz-Ho and Kim, Tae-Kyun and Cipolla, Roberto},
  title = {Real-time Action Recognition by Spatiotemporal Semantic and Structural
	Forest},
  booktitle = {Proceedings of the British Machine Vision Conference},
  year = {2010},
  pages = {52.1--52.12},
  publisher = {BMVA Press},
  note = {doi:10.5244/C.24.52},
  editors = {Labrosse, Fr\'ed\'eric and Zwiggelaar, Reyer and Liu, Yonghuai and
	Tiddeman, Bernie},
  isbn = {1-901725-40-5}
}

@MISC{,
  title = {{Website of APE dataset}}
}

@MISC{,
  howpublished = {\url{http://www.wisdom.weizmann.ac.il/~vision/SpaceTimeActions.html}}
}

@MISC{,
  howpublished = {\url{http://www.nada.kth.se/cvap/actions/}}
}

