% This file was created with JabRef 2.9b.
% Encoding: ISO8859_1

@INPROCEEDINGS{Sigal2007,
  author = {Leonid Sigal and Alexandru O. Balan and Michael J. Black},
  title = {Combined discriminative and generative articulated pose and non-rigid
	shape estimation},
  booktitle = {NIPS},
  year = {2007},
  bibsource = {DBLP, http://dblp.uni-trier.de},
  crossref = {DBLP:conf/nips/2007},
  ee = {http://books.nips.cc/papers/files/nips20/NIPS2007_0989.pdf}
}

@INPROCEEDINGS{ArpitMittal2011,
  author = {Arpit Mittal, Andrew Zisserman and Philip Torr},
  title = {Hand detection using multiple proposals},
  booktitle = {Proceedings of the British Machine Vision Conference},
  year = {2011},
  pages = {75.1--75.11},
  publisher = {BMVA Press},
  note = {http://dx.doi.org/10.5244/C.25.75},
  editors = {Hoey, Jesse and McKenna, Stephen and Trucco, Emanuele},
  isbn = {1-901725-43-X}
}

@INPROCEEDINGS{Athitsos2003,
  author = {Athitsos, V. and Sclaroff, S.},
  title = {Estimating 3D hand pose from a cluttered image},
  booktitle = {Computer Vision and Pattern Recognition, 2003. Proceedings. 2003
	IEEE Computer Society Conference on},
  year = {2003},
  volume = {2},
  pages = {II-432-9 vol.2},
  doi = {10.1109/CVPR.2003.1211500},
  issn = {1063-6919},
  keywords = {database indexing;edge detection;image matching;object recognition;stereo
	image processing;visual databases;3D hand pose estimation;binary
	edge image embedding;clutter tolerance;clutter-tolerant indexing;cluttered
	image;high-dimensional Euclidean space;image database indexing;image
	matching;image retrieval;image-to-model chamfer distance approximation;line
	segment correspondence;probabilistic line matching;synthetic hand
	image;three-dimensional hand configuration;Computer science;Computer
	vision;Embedded computing;Humans;Image databases;Image retrieval;Image
	segmentation;Impedance matching;Indexing;Information retrieval}
}

@INCOLLECTION{Ballan2012,
  author = {Ballan, Luca and Taneja, Aparna and Gall, Jürgen and Gool, Luc and
	Pollefeys, Marc},
  title = {Motion Capture of Hands in Action Using Discriminative Salient Points},
  booktitle = {Computer Vision – ECCV 2012},
  publisher = {Springer Berlin Heidelberg},
  year = {2012},
  editor = {Fitzgibbon, Andrew and Lazebnik, Svetlana and Perona, Pietro and
	Sato, Yoichi and Schmid, Cordelia},
  volume = {7577},
  series = {Lecture Notes in Computer Science},
  pages = {640-653},
  doi = {10.1007/978-3-642-33783-3_46},
  isbn = {978-3-642-33782-6},
  url = {http://dx.doi.org/10.1007/978-3-642-33783-3_46}
}

@INPROCEEDINGS{Chen2011,
  author = {Yu Chen and Tae-Kyun Kim and Cipolla, R.},
  title = {Silhouette-based object phenotype recognition using 3D shape priors},
  booktitle = {Computer Vision (ICCV), 2011 IEEE International Conference on},
  year = {2011},
  pages = {25-32},
  doi = {10.1109/ICCV.2011.6126221},
  issn = {1550-5499},
  keywords = {image reconstruction;inference mechanisms;object recognition;pose
	estimation;shape recognition;solid modelling;1D-based method;3D mesh
	model;3D object phenotype recognition;3D shape projection;camera
	viewpoint;discriminative learning;fast approximate 3D reconstruction;gallery
	image;inference algorithm;pose inference problem;pose variation;pose
	viewpoint;probabilistic generative model;query image;random forests;shark
	motion;shark phenotype;silhouette coherency;single 2D silhouette-based
	object phenotype recognition;Cameras;Humans;Image reconstruction;Shape;Solid
	modeling;Three dimensional displays;Training}
}

@ARTICLE{Chua2002,
  author = {Chin-Seng Chua and Haiying Guan and Yeong-Khing Ho},
  title = {Model-based 3D hand posture estimation from a single 2D image },
  journal = {Image and Vision Computing },
  year = {2002},
  volume = {20},
  pages = {191 - 202},
  number = {3},
  doi = {10.1016/S0262-8856(01)00094-4},
  issn = {0262-8856},
  keywords = {3D hand posture estimation},
  url = {http://www.sciencedirect.com/science/article/pii/S0262885601000944}
}

@ARTICLE{Erol2007,
  author = {Ali Erol and George Bebis and Mircea Nicolescu and Richard D. Boyle
	and Xander Twombly},
  title = {Vision-based hand pose estimation: A review },
  journal = {Computer Vision and Image Understanding },
  year = {2007},
  volume = {108},
  pages = {52 - 73},
  number = {1–2},
  note = {<ce:title>Special Issue on Vision for Human-Computer Interaction</ce:title>
	},
  doi = {10.1016/j.cviu.2006.10.012},
  issn = {1077-3142},
  keywords = {Hand pose estimation},
  url = {http://www.sciencedirect.com/science/article/pii/S1077314206002281}
}

@INPROCEEDINGS{Gall2009,
  author = {Gall, J. and Lempitsky, V.},
  title = {Class-specific Hough forests for object detection},
  booktitle = {Computer Vision and Pattern Recognition, 2009. CVPR 2009. IEEE Conference
	on},
  year = {2009},
  pages = {1022-1029},
  doi = {10.1109/CVPR.2009.5206740},
  issn = {1063-6919},
  keywords = {Hough transforms;forestry;natural scenes;object detection;probability;Hough
	image;Hough-transform object detection;class-specific Hough forests;generalized
	Hough transform;image patch appearance;natural images;object centroid;probabilistic
	vote;Computer vision;Large-scale systems;Lighting;Object detection;Robustness;Runtime;Shape;Testing;Training
	data;Voting}
}

@INPROCEEDINGS{Gall2009a,
  author = {Gall, J. and Stoll, C. and de Aguiar, E. and Theobalt, C. and Rosenhahn,
	B. and Seidel, H. -P},
  title = {Motion capture using joint skeleton tracking and surface estimation},
  booktitle = {Computer Vision and Pattern Recognition, 2009. CVPR 2009. IEEE Conference
	on},
  year = {2009},
  pages = {1746-1753},
  doi = {10.1109/CVPR.2009.5206755},
  issn = {1063-6919},
  keywords = {image sequences;motion estimation;pose estimation;video signal processing;3D
	surface;joint skeleton tracking;motion capture;multiview image sequence;multiview
	video sequence;optimization;skeleton-based pose estimation;surface
	estimation;Animals;Deformable models;Humans;Image sequences;Joints;Motion
	estimation;Skeleton;Surface fitting;Tracking;Video sequences}
}

@INPROCEEDINGS{Guan2006,
  author = {Haiying Guan and Jae Sik Chang and Longbin Chen and Feris, R.S. and
	Turk, M.},
  title = {Multi-view Appearance-based 3D Hand Pose Estimation},
  booktitle = {Computer Vision and Pattern Recognition Workshop, 2006. CVPRW '06.
	Conference on},
  year = {2006},
  pages = {154-154},
  doi = {10.1109/CVPRW.2006.137},
  keywords = {Cameras;Cellular phones;Computer displays;Computer science;Feature
	extraction;Geometry;Large-scale systems;Personal digital assistants;Probes;Three
	dimensional displays}
}

@INPROCEEDINGS{Hamer2010,
  author = {Hamer, H. and Gall, J. and Weise, T. and Van Gool, L.},
  title = {An object-dependent hand pose prior from sparse training data},
  booktitle = {Computer Vision and Pattern Recognition (CVPR), 2010 IEEE Conference
	on},
  year = {2010},
  pages = {671-678},
  doi = {10.1109/CVPR.2010.5540150},
  issn = {1063-6919},
  keywords = {Bayes methods;feature extraction;image motion analysis;image segmentation;optical
	tracking;pose estimation;3D hand tracker;3D object;belief propagation;geometric
	warp;hand grasping;hand segment extraction;hand-object interaction;local
	object coordinates;manipulating hand;object contact point;object-dependent
	hand pose estimation;sparse training data;spatial distribution;Application
	software;Belief propagation;Computer vision;Data mining;Grasping;Humans;Laboratories;Robustness;Shape;Training
	data}
}

@INPROCEEDINGS{Hamer2009,
  author = {Hamer, H. and Schindler, K. and Koller-Meier, E. and Van Gool, L.},
  title = {Tracking a hand manipulating an object},
  booktitle = {Computer Vision, 2009 IEEE 12th International Conference on},
  year = {2009},
  pages = {1475-1482},
  doi = {10.1109/ICCV.2009.5459282},
  issn = {1550-5499},
  keywords = {Markov processes;belief maintenance;computer vision;image colour analysis;image
	motion analysis;object detection;anatomical constraint;anatomical
	hand structure;belief propagation;hand tracking;local tracker;pairwise
	Markov random field;self-occlusion;soft constraint;Application software;Belief
	propagation;Computer science;Computer vision;Fingers;Joints;Laboratories;Markov
	random fields;Robustness;Tracking}
}

@INPROCEEDINGS{IasonOikonomidis2011,
  author = {Iason Oikonomidis, Nikolaos Kyriazis and Antonis Argyros},
  title = {Efficient model-based 3D tracking of hand articulations using Kinect},
  booktitle = {Proceedings of the British Machine Vision Conference},
  year = {2011},
  pages = {101.1--101.11},
  publisher = {BMVA Press},
  note = {http://dx.doi.org/10.5244/C.25.101},
  editors = {Hoey, Jesse and McKenna, Stephen and Trucco, Emanuele},
  isbn = {1-901725-43-X}
}

@INCOLLECTION{Keskin2012,
  author = {Keskin, Cem and Kıraç, Furkan and Kara, YunusEmre and Akarun, Lale},
  title = {Hand Pose Estimation and Hand Shape Classification Using Multi-layered
	Randomized Decision Forests},
  booktitle = {Computer Vision – ECCV 2012},
  publisher = {Springer Berlin Heidelberg},
  year = {2012},
  editor = {Fitzgibbon, Andrew and Lazebnik, Svetlana and Perona, Pietro and
	Sato, Yoichi and Schmid, Cordelia},
  volume = {7577},
  series = {Lecture Notes in Computer Science},
  pages = {852-863},
  doi = {10.1007/978-3-642-33783-3_61},
  isbn = {978-3-642-33782-6},
  url = {http://dx.doi.org/10.1007/978-3-642-33783-3_61}
}

@INPROCEEDINGS{Keskin2011,
  author = {Keskin, C. and Kirac, F. and Kara, Y.E. and Akarun, L.},
  title = {Real time hand pose estimation using depth sensors},
  booktitle = {Computer Vision Workshops (ICCV Workshops), 2011 IEEE International
	Conference on},
  year = {2011},
  pages = {1228-1234},
  doi = {10.1109/ICCVW.2011.6130391},
  keywords = {image classification;object recognition;pose estimation;support vector
	machines;3D hand model;American sign language digit recognition;Kinect;SVM
	based recognition module;depth sensors;object recognition;per pixel
	classification;random decision forests;real time hand pose estimation;real-time
	skeleton fitting;support vector machine;synthetic depth images;Accuracy;Estimation;Joints;Three
	dimensional displays;Training;Vegetation}
}

@ARTICLE{LaGorce2011,
  author = {de La Gorce, M. and Fleet, D.J. and Paragios, N.},
  title = {Model-Based 3D Hand Pose Estimation from Monocular Video},
  journal = {Pattern Analysis and Machine Intelligence, IEEE Transactions on},
  year = {2011},
  volume = {33},
  pages = {1793-1805},
  number = {9},
  doi = {10.1109/TPAMI.2011.33},
  issn = {0162-8828},
  keywords = {Newton method;computer graphics;gradient methods;inverse problems;minimisation;object
	tracking;pose estimation;solid modelling;video signal processing;3D
	hand tracking;hand texture;inverse problem formulation;minimization;model-based
	3D hand pose estimation;monocular video;objective function gradient;occlusion
	forces;quasi-Newton method;shading information;temporal texture continuity;Image
	edge detection;Optimization;Solid modeling;Surface texture;Three
	dimensional displays;Tracking;Hand tracking;generative modeling;gradient
	descent.;model based shape from shading;pose estimation;variational
	formulation}
}

@INPROCEEDINGS{Leistner2009,
  author = {Leistner, C. and Saffari, A. and Santner, J. and Bischof, H.},
  title = {Semi-Supervised Random Forests},
  booktitle = {Computer Vision, 2009 IEEE 12th International Conference on},
  year = {2009},
  pages = {506-513},
  doi = {10.1109/ICCV.2009.5459198},
  issn = {1550-5499},
  keywords = {computer vision;learning (artificial intelligence);optimisation;Caltech-101
	object categorization task;computer vision applications;control mechanism;iterative
	deterministic annealing style training algorithm;machine learning
	problems;multiclass margin;out-of-bag error;semisupervised learning
	problems;semisupervised random forests;unlabeled data;Annealing;Application
	software;Computational efficiency;Computer vision;Decision trees;Degradation;Error
	correction;Iterative algorithms;Machine learning algorithms;Semisupervised
	learning}
}

@INPROCEEDINGS{Muller2010,
  author = {M\"{u}ller, J\"{u}rgen and Arens, Michael},
  title = {Human pose estimation with implicit shape models},
  booktitle = {Proceedings of the first ACM international workshop on Analysis and
	retrieval of tracked events and motion in imagery streams},
  year = {2010},
  series = {ARTEMIS '10},
  pages = {9--14},
  address = {New York, NY, USA},
  publisher = {ACM},
  acmid = {1877873},
  doi = {10.1145/1877868.1877873},
  isbn = {978-1-4503-0163-3},
  keywords = {content-based image retrieval, human pose estimation, motion tracking,
	video analysis},
  location = {Firenze, Italy},
  numpages = {6},
  url = {http://doi.acm.org/10.1145/1877868.1877873}
}

@INPROCEEDINGS{Oikonomidis2012,
  author = {Oikonomidis, I. and Kyriazis, N. and Argyros, A.A.},
  title = {Tracking the articulated motion of two strongly interacting hands},
  booktitle = {Computer Vision and Pattern Recognition (CVPR), 2012 IEEE Conference
	on},
  year = {2012},
  pages = {1862-1869},
  doi = {10.1109/CVPR.2012.6247885},
  issn = {1063-6919},
  keywords = {evolutionary computation;image motion analysis;object tracking;particle
	swarm optimisation;stochastic programming;54-dimensional parameter
	space;PSO;RGB-D sensor;articulated motion tracking;evolutionary stochastic
	optimization;interacting hands;kinematic structure;particle swarm
	optimization;Computational modeling;Humans;Joints;Optimization;Skin;Tracking;Visualization}
}

@INPROCEEDINGS{Oikonomidis2011,
  author = {Oikonomidis, I. and Kyriazis, N. and Argyros, A.A.},
  title = {Full DOF tracking of a hand interacting with an object by modeling
	occlusions and physical constraints},
  booktitle = {Computer Vision (ICCV), 2011 IEEE International Conference on},
  year = {2011},
  pages = {2088-2095},
  doi = {10.1109/ICCV.2011.6126483},
  issn = {1550-5499},
  keywords = {object tracking;optimisation;pose estimation;solid modelling;full
	DOF tracking;hand pose estimation;hand-object interaction;hand-object
	tracking;occlusions modeling;optimization;physical constraints modeling;Cameras}
}

@ARTICLE{Pan2010,
  author = {Sinno Jialin Pan and Qiang Yang},
  title = {A Survey on Transfer Learning},
  journal = {Knowledge and Data Engineering, IEEE Transactions on},
  year = {2010},
  volume = {22},
  pages = {1345-1359},
  number = {10},
  doi = {10.1109/TKDE.2009.191},
  issn = {1041-4347},
  keywords = {knowledge engineering;learning by example;optimisation;unsupervised
	learning;data mining;inductive transfer learning;knowledge transfer;machine
	learning;transductive transfer learning;unsupervised transfer learning;Data
	mining;Knowledge engineering;Knowledge transfer;Labeling;Learning
	systems;Machine learning;Machine learning algorithms;Space technology;Testing;Training
	data;Transfer learning;data mining.;machine learning;survey}
}

@INPROCEEDINGS{Romero2009,
  author = {Romero, J. and Kjellstrom, H. and Kragic, D.},
  title = {Monocular real-time 3D articulated hand pose estimation},
  booktitle = {Humanoid Robots, 2009. Humanoids 2009. 9th IEEE-RAS International
	Conference on},
  year = {2009},
  pages = {87-92},
  doi = {10.1109/ICHR.2009.5379596},
  keywords = {control engineering computing;humanoid robots;pose estimation;robot
	vision;very large databases;descriptive human-to-robot mapping;health
	monitoring;human-robot interaction;humanoid robot;large database;learning
	by demonstration;monocular real-time 3D articulated hand pose estimation;partial
	occlusions;segmentation errors;teleoperation;vision based estimation;Application
	software;Computer science;Computer vision;Computerized monitoring;Fingers;Human
	robot interaction;Humanoid robots;Real time systems;Robot vision
	systems;Robustness}
}

@INPROCEEDINGS{Rosales2001,
  author = {Rosales, R. and Athitsos, V. and Sigal, L. and Sclaroff, S.},
  title = {3D hand pose reconstruction using specialized mappings},
  booktitle = {Computer Vision, 2001. ICCV 2001. Proceedings. Eighth IEEE International
	Conference on},
  year = {2001},
  volume = {1},
  pages = {378-385 vol.1},
  doi = {10.1109/ICCV.2001.937543},
  keywords = {data gloves;image reconstruction;image representation;learning (artificial
	intelligence);3D hand pose;feedback matching function;forward mapping
	functions;monocular color sequences;supervised learning;viewpoint;visual
	features;Computer graphics;Computerized monitoring;Data gloves;Feedback;Fingers;Image
	reconstruction;Rendering (computer graphics);Supervised learning;System
	testing;Training data}
}

@INPROCEEDINGS{Salzmann2010,
  author = {Salzmann, M. and Urtasun, R.},
  title = {Combining discriminative and generative methods for 3D deformable
	surface and articulated pose reconstruction},
  booktitle = {Computer Vision and Pattern Recognition (CVPR), 2010 IEEE Conference
	on},
  year = {2010},
  pages = {647-654},
  doi = {10.1109/CVPR.2010.5540155},
  issn = {1063-6919},
  keywords = {deformation;pose estimation;shape recognition;surface reconstruction;3D
	deformable surface;3D surface reconstruction;algorithmic formulation;articulated
	pose reconstruction;discriminative method;generative method;nonrigid
	shape recovery;pose estimation;Biological system modeling;Humans;Image
	reconstruction;Joints;Mesh generation;Object recognition;Shape;Skeleton;Surface
	reconstruction;Training data}
}

@BOOK{Shotton2013,
  title = {Decision Forests for Computer Vision and Medical Image Analysis},
  publisher = {Springer},
  year = {2013},
  author = {Jamie Shotton and Antonio Criminisi}
}

@INPROCEEDINGS{Shotton2011,
  author = {Shotton, J. and Fitzgibbon, A. and Cook, M. and Sharp, T. and Finocchio,
	M. and Moore, R. and Kipman, A. and Blake, A.},
  title = {Real-time human pose recognition in parts from single depth images},
  booktitle = {Computer Vision and Pattern Recognition (CVPR), 2011 IEEE Conference
	on},
  year = {2011},
  pages = {1297-1304},
  doi = {10.1109/CVPR.2011.5995316},
  issn = {1063-6919},
  keywords = {image classification;image resolution;object recognition;pose estimation;3D
	positions;confidence-scored 3D proposals;intermediate body parts
	representation;object recognition approach;pose estimation problem;real-time
	human pose recognition;simpler per-pixel classification problem;single
	depth image;whole-skeleton nearest neighbor matching;Cameras;Joints;Proposals;Shape;Three
	dimensional displays;Training;Vegetation}
}

@INCOLLECTION{Stenger2006,
  author = {Stenger, Björn},
  title = {Template-Based Hand Pose Recognition Using Multiple Cues},
  booktitle = {Computer Vision – ACCV 2006},
  publisher = {Springer Berlin Heidelberg},
  year = {2006},
  editor = {Narayanan, P.J. and Nayar, ShreeK. and Shum, Heung-Yeung},
  volume = {3852},
  series = {Lecture Notes in Computer Science},
  pages = {551-560},
  doi = {10.1007/11612704_55},
  isbn = {978-3-540-31244-4},
  url = {http://dx.doi.org/10.1007/11612704_55}
}

@ARTICLE{Stenger2006a,
  author = {Stenger, B. and Thayananthan, A. and Torr, P. H S and Cipolla, R.},
  title = {Model-based hand tracking using a hierarchical Bayesian filter},
  journal = {Pattern Analysis and Machine Intelligence, IEEE Transactions on},
  year = {2006},
  volume = {28},
  pages = {1372-1384},
  number = {9},
  doi = {10.1109/TPAMI.2006.189},
  issn = {0162-8828},
  keywords = {Bayes methods;filtering theory;gesture recognition;hidden feature
	removal;image motion analysis;image sequences;object detection;hand
	motion;hierarchical Bayesian filter;hierarchical detection scheme;image
	sequence;model-based hand tracking;self-occlusion;Bayesian methods;Filtering;Image
	sequences;Parameter estimation;Particle filters;Particle tracking;Robustness;State-space
	methods;Target tracking;Video sequences;Probabilistic algorithms;tracking.;video
	analysis}
}

@INPROCEEDINGS{Tomasi2003,
  author = {Tomasi, C. and Petrov, S. and Sastry, A.},
  title = {3D tracking = classification + interpolation},
  booktitle = {Computer Vision, 2003. Proceedings. Ninth IEEE International Conference
	on},
  year = {2003},
  pages = {1441-1448 vol.2},
  doi = {10.1109/ICCV.2003.1238659},
  keywords = {computer vision;feature extraction;gesture recognition;human computer
	interaction;image classification;image motion analysis;interpolation;object
	recognition;optical tracking;stereo image processing;2D images;3D
	configurations;3D tracking;3D trajectories;VQPCA;classification method;classifier
	training;complex motions;discrimination trees;fast motions;fast video;feature
	design;finger spelling;graphics animation;hand gestures;hand motions;image
	classification;image features;image recognition;image scale;interpolation;rotation;translation;user-computer
	interface;Animation;Classification tree analysis;Fingers;Graphics;Humans;Image
	classification;Image recognition;Interpolation;Tracking;Tree graphs}
}

@ARTICLE{Wang2009,
  author = {Wang, Robert Y. and Popovi\'{c}, Jovan},
  title = {Real-time hand-tracking with a color glove},
  journal = {ACM Trans. Graph.},
  year = {2009},
  volume = {28},
  pages = {63:1--63:8},
  number = {3},
  month = jul,
  acmid = {1531369},
  address = {New York, NY, USA},
  articleno = {63},
  doi = {10.1145/1531326.1531369},
  issn = {0730-0301},
  issue_date = {August 2009},
  keywords = {augmented reality, hand tracking, motion capture, user interface},
  numpages = {8},
  publisher = {ACM},
  url = {http://doi.acm.org/10.1145/1531326.1531369}
}

@INPROCEEDINGS{Wu2000,
  author = {Ying Wu and Huang, T.S.},
  title = {View-independent recognition of hand postures},
  booktitle = {Computer Vision and Pattern Recognition, 2000. Proceedings. IEEE
	Conference on},
  year = {2000},
  volume = {2},
  pages = {88-94 vol.2},
  doi = {10.1109/CVPR.2000.854749},
  issn = {1063-6919},
  keywords = {computer vision;gesture recognition;learning (artificial intelligence);object
	recognition;Discriminant-EM algorithm;appearance-based learning approach;experiments;gesture
	interface;hand detection;hand posture recognition;model-based approach;supervised
	learning;unlabeled training set;unsupervised learning;view-independent
	object recognition;Humans;Keyboards;Learning systems;Mice;Object
	recognition;Supervised learning;Switches;Training data;Unsupervised
	learning;Vocabulary}
}

@INPROCEEDINGS{Yan2007,
  author = {Pingkun Yan and Khan, S.M. and Shah, M.},
  title = {3D Model based Object Class Detection in An Arbitrary View},
  booktitle = {Computer Vision, 2007. ICCV 2007. IEEE 11th International Conference
	on},
  year = {2007},
  pages = {1-6},
  doi = {10.1109/ICCV.2007.4409042},
  issn = {1550-5499},
  keywords = {feature extraction;image reconstruction;image representation;object
	detection;solid modelling;2D model view;3D feature model;3D object
	modeling;3D object shape reconstruction;binary slices;homographic
	framework;object class detection;object represention;Cameras;Computer
	science;Computer vision;Image reconstruction;Object detection;Reconstruction
	algorithms;Shape;Solid modeling;Surface reconstruction;Testing}
}

@INPROCEEDINGS{Yu2013,
  author = {Tsz-Ho Yu and Tae-Kyun Kim and Roberto Cipolla},
  title = {Unconstrained Monocular 3D Human Pose Estimation by Action Detection
	and Cross-modality Regression Forest},
  booktitle = {Computer Vision and Pattern Recognition, 2013. CVPR 2013. IEEE Conference
	on},
  year = {2013}
}

